3030 4984
770 308 831 378 1118

220 497 290 549 utar
313 487 479 562 exemplo,
503 481 866 560 aSenecaAgam.498:
890 483 980 541 turbo
1005 483 1222 541 convolvit
1245 491 1379 542 mare“

221 590 258 648 of.
284 589 369 666 Virg.
395 585 645 647 Α1111.ΙΙΙ.,196;
675 584 790 644 venti
814 584 986 643 volvunt
1009 598 1122 642 incre.
1155 585 1268 645 Avien.
1295 585 1379 644 Arai.

221 692 337 754 Phaon.
360 691 430 750 8dd.
455 689 565 766 Progn.
592 688 660 748 149,
684 687 722 748 111
746 689 826 747 haec
850 685 976 760 quidem
1001 684 1082 744 ratio
1106 685 1280 755 laudanda,
1305 701 1379 760 qua

223 797 315 852 tenus
339 790 425 850 illam
448 796 585 866 partem:
609 789 668 848 sic
690 789 888 849 voluere“
912 803 974 845 non
997 784 1064 855 dis,
1089 786 1144 846 sad
1168 787 1274 847 ventis
1299 786 1380 846 rel-

223 893 349 953 rendam
381 907 456 951 esse
486 899 611 950 veteres
640 891 832 966 interpretes
867 893 1070 947 censuerunt:
1109 888 1148 947 de
1179 889 1252 964 ipso
1280 891 1380 948 verbo

224 995 394 1054 volvere
430 1011 491 1053 non
530 993 629 1052 tribus
659 991 791 1068 syllabis
826 987 941 1072 (Bentl.
966 990 1064 1049 Carm.
1088 990 1109 1048 Ι.
1134 992 1184 1060 23,
1210 987 1242 1073 d)
1284 1007 1381 1050 enun-

223 1096 331 1156 tiando
355 1110 514 1171 versuque
537 1095 575 1155 ad
599 1097 679 1164 hanc
702 1095 770 1154 lere
794 1095 923 1154 formam
944 1099 1111 1153 revocato:
1135 1093 1251 1162 minax,
1276 1095 1382 1168 quod

225 1197 286 1258 sic
314 1198 483 1256 voluere
514 1202 707 1273 pontum“
743 1196 879 1256 eundum
911 1200 960 1253 est
991 1195 1022 1253 in
1054 1196 1118 1256 alia
1149 1195 1264 1255 omnia.
1317 1195 1382 1257 Nec
1499 1223 1500 1234 ¹

224 1315 302 1360 vero
332 1300 415 1360 hunc
440 1302 478 1358 ab
508 1300 602 1359 initio
632 1304 707 1374 puto
738 1298 916 1358 institutum
946 1297 1047 1357 fuisse
1080 1297 1308 1357 sententiarum
1326 1299 1381 1358 'or-

226 1401 350 1462 dinem:
380 1401 512 1461 simulac
535 1403 698 1462 Castorum
728 1401 821 1460 stella
849 1399 989 1468 refulsit,
1019 1399 1187 1459 concidunt
1220 1401 1309 1461 venti
1336 1401 1381 1460 f-

225 1503 379 1580 giuutque
402 1506 502 1564 nubes
525 1510 558 1562 ct
581 1507 697 1579 ponto,
727 1501 759 1562 in
784 1519 845 1577 quo
870 1501 963 1562 modo
987 1503 1076 1561 venti
1106 1504 1271 1576 nubesque
1297 1503 1381 1562 vires

182 1590 185 1594 ⁵
227 1609 393 1680 tantopere
417 1612 641 1676 exercuerunt,
671 1611 705 1664 ut
728 1609 853 1665 montes
877 1618 1017 1678 aequore
1040 1604 1241 1679 pulsarentur
1275 1601 1317 1685 (v.
1333 1606 1380 1666 29.

226 1708 342 1766 Lucan.
365 1707 402 1763 V.
427 1708 497 1767 615,
524 1707 594 1768 1199.
618 1707 696 1767 Stat.
720 1708 815 1767 Theb.
838 1706 887 1765 lll.
913 1707 971 1766 524
996 1703 1076 1788 sp),
1100 1706 1203 1766 minax
1227 1706 1313 1766 unda
1336 1721 1381 1766 re-

228 1807 358 1869 cumbit:
381 1808 419 1869 Et
441 1809 564 1878 minax,
589 1826 663 1884 quo
687 1808 734 1868 sic
756 1809 898 1868 valuere
921 1815 1035 1884 ponto,
1070 1807 1158 1868 Unda
1183 1809 1382 1881 recumbit·‚“

228 1909 275 1969 sic
298 1911 382 1970 enim
404 1912 488 1987 apud
511 1912 667 1970 Tibullum
691 1911 826 1986 legimus
850 1909 871 1967 l.
890 1912 939 1980 11,
959 1912 1012 1972 56:
1043 1911 1110 1970 Flet
1133 1911 1194 1971 sibi
1218 1911 1383 1970 dementes

228 2018 303 2072 tam
326 2013 512 2072 valuisse
536 2021 674 2073 manus“
707 2008 773 2093 (eui
798 2012 861 2085 ipsi
885 2013 983 2072 verbo
1006 2012 1144 2071 fortasse
1174 2011 1294 2085 aliquis
1318 2029 1382 2071 sus-

228 2113 383 2189 picabitur
413 2115 612 2174 successisse
643 2115 770 2174 verbum
801 2113 1075 2189 interpretationis
1106 2112 1208 2190 gratia
1239 2113 1383 2173 allatum:

230 2230 321 2289 quam
345 2214 405 2274 sic
428 2213 655 2296 volvere“)·,
686 2215 797 2275 vitium
822 2213 948 2290 quidem
977 2215 1061 2274 idem
1096 2215 1277 2274 invenimus
1303 2215 1383 2288 apud

231 2315 417 2376 Suetonium
440 2317 530 2377 Caes.
554 2319 610 2378 69:
643 2317 801 2380 discutere
825 2318 946 2377 valuit.
972 2316 1060 2376 codd.
1084 2316 1160 2376 Oud.
1185 2335 1215 2392 p.
1233 2317 1293 2375 123
1320 2334 1383 2376 vo-

229 2418 289 2478 luit
311 2424 343 2477 et
367 2417 572 2479 Claudianum
591 2420 626 2478 R.
640 2420 724 2479 Pros.
742 2419 791 2478 ΙΙΙ.
811 2421 847 2480 91
874 2420 1021 2480 evaluit.
1046 2421 1137 2480 Voss
1162 2434 1208 2491 pr.
1221 2419 1383 2480 euoluit.

229 2520 488 2582 9191101293
512 2521 713 2581 valuissem.
739 2522 826 2582 codd.
844 2522 950 2582 Heins.
974 2540 1002 2598 p.
1019 2523 1089 2582 191.
1107 2523 1166 2582 911
1192 2523 1385 2582 voluissem

231 2622 419 2682 1111111.
445 2625 504 2684 519
543 2624 678 2683 volant.
714 2624 776 2684 Pal.
801 2625 881 2685 Med.
911 2625 1040 2684 valent.
1078 2625 1142 2684 Cul.
1169 2628 1226 2685 191
1263 2623 1384 2684 voluit.

232 2721 344 2798 Haupt.
366 2723 452 2784 Ribb.
476 2725 595 2784 valuit.
636 2723 736 2795 Hujus
760 2725 858 2801 igitur
881 2725 1009 2786 consilii
1041 2730 1137 2800 atque
1162 2725 1282 2801 incepti
1307 2725 1384 2785 adeo

232 2824 396 2901 poenitet,
426 2831 460 2885 ut
484 2830 515 2884 et
537 2826 612 2884 hoc:
650 2826 754 2900 quod
784 2827 843 2884 sic
872 2828 1043 2887 voluere
1073 2835 1105 2888 et
1135 2827 1223 2903 quod
1250 2827 1385 2902 quidam,

231 2931 266 2985 ut
289 2927 409 2986 assolet
434 2924 484 3010 (cf.
509 2927 562 2986 llll
586 2927 666 3007 sp),
701 2929 739 2987 ab
763 2929 837 2988 aliis
860 2929 965 3005 poetis
988 2930 1121 2990 mutuati
1145 2936 1232 2990 sunt:
1265 2929 1326 2988 sic
1349 2928 1385 2988 di

232 3026 288 3108 (di
312 3029 390 3098 sic,
413 3045 495 3089 nam
519 3027 592 3112 sic)
622 3031 831 3100 uoluere“‚
862 3032 1014 3093 affirmem
1044 3050 1101 3108 pro
1132 3032 1173 3092 iis
1204 3031 1310 3092 uerbis
1343 3031 1384 3089 in-

233 3131 391 3200 valuisse,
429 3147 510 3205 quae
539 3132 635 3206 paulo
666 3132 855 3193 insolentius
884 3135 969 3194 dicto
1001 3136 1088 3196 vitiis
1116 3135 1178 3206 jam
1213 3133 1385 3208 antiquitus

233 3230 357 3292 traditis
372 3247 474 3307 prope
495 3230 711 3292 aboleverunt.
750 3233 885 3304 Quorum
900 3237 1050 3297 uitiorum
1071 3255 1166 3298 unum
1187 3237 1238 3307 id,
1263 3237 1303 3296 de
1326 3255 1385 3311 quo

236 3349 332 3408 supra
353 3331 488 3392 LXXVII
509 3352 538 3410 p.
554 3335 613 3393 149
636 3334 777 3408 pluribus
801 3336 918 3396 dictum
942 3344 990 3398 est
1013 3335 1184 3420 (voluisse
1200 3345 1274 3398 :vot
1283 3355 1304 3396 u
1313 3339 1386 3406 isse,

228 3440 268 3514 ut
291 3435 374 3510 apud
396 3435 536 3495 Plautum
561 3443 610 3495 est
633 3436 810 3521 votitus),
841 3441 919 3499 satis
949 3448 998 3500 est
1028 3440 1204 3510 indicasse,
1242 3457 1304 3514 quo
1327 3439 1386 3510 jam

232 3537 364 3596 doceam
388 3537 619 3612 delendamque
641 3541 680 3599 ab
704 3539 834 3600 Horatio
865 3541 897 3600 iu
928 3543 1008 3604 hauc
1035 3544 1223 3602 sententiam
1249 3559 1320 3602 cum
1344 3543 1385 3601 lo-

236 3657 304 3701 cum
328 3639 477 3714 scriptum
500 3640 616 3700 luisse:
641 3643 816 3738 doncidunt
839 3643 927 3702 venti
950 3645 1138 3722 fugiuntque
1162 3647 1263 3705 nubes
1282 3661 1319 3705 ac
1334 3643 1385 3702 mi-

234 3741 285 3802 nis
308 3741 398 3816 ponti
428 3757 500 3802 eum
531 3743 657 3804 modum
687 3751 718 3803 et
746 3746 841 3804 finem
870 3747 1004 3820 iaciunt,
1034 3752 1069 3808 ut
1098 3748 1183 3808 unda
1211 3749 1386 3824 aequaliter

235 3850 405 3904 sternatur:

445 3946 491 4007 Et
513 3949 615 4012 minis
639 3952 741 4026 quod
765 3952 824 4012 sic
847 3958 994 4016 vetuere
1018 3957 1173 4029 pontum,

567 4051 674 4113 Unda
696 4054 900 4115 recumbit.
1012 4121 1026 4152 ο

235 4150 333 4209 Recte
357 4167 415 4211 nos
439 4153 559 4212 sentire
582 4153 674 4213 docet
698 4156 835 4226 Seneca,
867 4173 958 4232 quem
983 4158 1115 4233 propius
1137 4157 1176 4216 ad
1199 4156 1325 4218 Horatii
1347 4157 1386 4215 si-

235 4249 444 4312 militudinem
468 4254 638 4326 accedere,
663 4273 752 4334 quam
768 4257 929 4320 Horatium
954 4260 992 4319 ad
1007 4260 1207 4320 Theocritum
1227 4259 1386 4322 xxiiia:
