3026 4988
229 520 326 600 rigidi
349 527 380 581 et
405 519 593 582 exserti“
627 516 847 596 Apuleiusque
870 518 942 580 Met.
967 517 1003 579 ll.
1028 536 1056 594 p.
1082 519 1157 579 1⁴4:
1200 519 1382 580 exsertis

228 629 261 683 et
289 621 468 684 inconnivis
498 622 629 682 oculis⁴¹
671 628 721 691 et,
755 621 820 682 nisi
849 622 932 698 quod
967 639 1027 682 nos
1055 621 1170 682 fefellit
1200 620 1277 681 Stat.
1310 622 1328 680 l.
1353 621 1382 680 d.

229 743 259 802 p.
283 726 363 796 278,
385 723 513 785 Statius

316 826 506 902 Quamquam
534 841 574 886 ne
603 843 684 887 nunc
713 823 840 902 quidem
870 824 1027 902 perfuncti
1056 842 1162 886 sumus
1191 826 1301 887 labore
1326 840 1382 884 eas

231 930 360 991 eluendi
382 930 538 999 maculas,
572 944 654 1004 quae
677 929 754 989 olim
777 927 951 1004 adspersae
973 934 1044 988 sunt
1067 915 1314 989 describentium
1337 929 1381 988 le·

230 1033 330 1094 vitate
358 1039 389 1092 et
418 1030 573 1092 socordia.
625 1029 701 1101 Quis
732 1029 816 1090 euim
844 1029 897 1089 vel
931 1030 1047 1090 leviter
1075 1031 1213 1091 monitus
1247 1028 1383 1105 (monuit

231 1140 336 1194 autem
358 1134 460 1194 adhuc
482 1148 574 1193 nemo
597 1130 694 1216 unus)
716 1131 918 1193 tolerabilem
939 1133 1066 1193 duxerit
1089 1133 1169 1192 hanc
1188 1132 1382 1193 orationem:

232 1235 287 1312 qui
309 1235 454 1314 fragilem
476 1234 557 1296 truci
581 1235 739 1295 commisit
761 1234 878 1312 pelago
895 1239 1011 1304 ratem,
1034 1252 1108 1295 non
1133 1234 1268 1295 timuit
1291 1248 1381 1310 prae-

231 1337 363 1415 cipitem
386 1338 533 1400 Africum.
578 1337 677 1409 Quem
698 1336 809 1397 mortis
832 1335 971 1398 timuit
994 1336 1141 1413 gradum,
1165 1337 1220 1413 qui
1243 1335 1383 1396 exsertis

231 1441 341 1502 oculos
369 1446 509 1501 monstra
531 1445 564 1499 et
588 1439 721 1500 infames
752 1438 902 1516 scopulos
931 1433 1064 1498 vidit?“
1116 1436 1218 1508 Quare
1241 1435 1383 1515 graviori

231 1540 410 1602 sententiae
442 1539 635 1601 reddendum
665 1545 713 1600 est
741 1537 855 1600 fortius
888 1541 1091 1611 vocabulum,
1127 1541 1222 1615 quale
1251 1546 1300 1599 est
1330 1544 1384 1599 aut

230 1645 399 1705 tremuit
429 1639 553 1725 (Heius.
578 1648 609 1702 el
631 1643 732 1702 Burin.
748 1641 909 1702 claudian.
932 1641 999 1701 Rus.
1015 1641 1051 1700 ΙΙ.
1069 1643 1128 1702 126
1150 1662 1178 1718 p.
1197 1643 1245 1702 tl.
1280 1642 1383 1702 Burm.

231 1744 321 1804 Ouid.
351 1744 423 1804 lier.
448 1742 469 1804 1.
495 1744 533 1804 16
563 1744 624 1820 p.l
656 1750 687 1803 et
720 1743 752 1803 V.
779 1743 818 1803 66
848 1761 878 1820 p.
895 1745 944 1804 oo.
990 1745 1071 1804 Gort.
1095 1745 1209 1805 Lucan.
1238 1742 1290 1804 lx.
1321 1744 1383 1804 6ῑ6

232 1867 262 1925 p.
287 1848 357 1908 ror.
408 1845 897 1923 circummanentes.
953 1845 1384 1923 crauaian.Eptgr.11.r:
1505 1859 1506 1870 κ

232 1949 565 2011 Nonlretamercator
587 1949 760 2009 tremuit.
785 1948 849 2009 Ois.
864 1946 1016 2032 timuit)
1042 1955 1095 2008 aut
1117 1948 1274 2018 renuit,
1298 1947 1385 2022 quod

234 2069 303 2113 curn
327 2051 511 2112 exsertis
534 2050 666 2111 oculis
689 2050 858 2127 insignitor
880 2066 1057 2128 congruens
1080 2046 1185 2132 (Ouid.
1204 2047 1385 2109 HerllVIl.

233 2157 288 2217 89:
312 2154 405 2214 oculo
428 2160 581 2214 renuente
604 2152 761 2236 negavi“)
788 2159 818 2213 et
836 2154 897 2214 hoc
910 2153 1067 2214 declaret:
1098 2168 1188 2223 eum,
1212 2152 1266 2228 qui
1284 2151 1386 2212 Africi

233 2255 371 2330 Notique
385 2262 418 2315 et
432 2255 574 2331 Hyadum
588 2255 725 2316 saevitia
747 2273 809 2316 nou
833 2255 1003 2318 deterritus
1026 2256 1178 2332 navigare
1197 2253 1386 2324 instituerit,

233 2358 367 2420 audacia
378 2357 646 2435 promptissimum
661 2372 702 2419 ne
718 2364 925 2420 monstrorum
942 2358 1069 2434 quidem
1084 2358 1145 2417 vim
1158 2355 1386 2418 infestissimo-

233 2479 299 2522 rum
312 2467 407 2536 atque
422 2459 725 2521 Acrocerauniorum
736 2460 895 2521 fallaciam
908 2458 1110 2538 (Senngom.
1126 2462 1184 2522 557
1199 2459 1283 2538 sqq.)
1303 2459 1388 2519 relu-

232 2563 337 2640 gisse,
361 2563 418 2624 sed
443 2579 484 2624 ex
506 2563 570 2623 alio
593 2563 680 2623 vitae
703 2563 887 2623 discrimine
911 2563 950 2623 ad
972 2562 1059 2623 aliud
1081 2564 1164 2623 ultro
1189 2562 1387 2639 perrexisse.

231 2664 350 2726 Eodem
368 2671 472 2724 autam
491 2675 544 2724 aut
557 2663 716 2724 consimili
727 2664 822 2724 modo
837 2661 889 2746 (cf.
900 2663 954 2722 XX
967 2661 1050 2744 sqq.)
1062 2663 1193 2739 saepius
1208 2680 1227 2722 a
1241 2662 1386 2723 librariis
1507 2687 1508 2694 ¹

233 2774 395 2842 peccatum
409 2782 482 2826 esse
495 2767 577 2842 ipsis
590 2766 631 2826 iis
644 2767 812 2843 exemplis,
833 2781 915 2842 quae
927 2765 966 2826 ad
979 2765 1194 2826 illustrandam
1208 2763 1277 2835 ejus
1293 2767 1385 2826 verbi

233 2870 297 2929 vim
316 2875 348 2928 et
367 2885 458 2929 usum
478 2867 594 2929 idonea
609 2869 778 2929 videantur
792 2883 875 2938 esse,
899 2868 1028 2929 doceam
1043 2869 1134 2929 Anth.
1148 2869 1212 2928 Lat.
1227 2865 1248 2926 Ι.
1265 2868 1337 2938 115,
1351 2869 1387 2927 6:

233 2976 369 3032 armatus
398 2970 604 3032 renuendo
633 2970 758 3045 proelia
794 2969 886 3030 miles
914 2970 979 3030 Nec
1017 2971 1140 3046 culpam
1175 2985 1235 3030 neo
1267 2969 1387 3030 crimen

233 3074 338 3134 habet.
389 3073 515 3134 Divion.
555 3072 745 3133 timendo.
801 3070 930 3143 Quintil.
964 3074 1052 3133 Decl.
1088 3070 1215 3132 CCLVH
1253 3090 1282 3148 p.
1308 3073 1388 3132 tta:

233 3193 296 3236 uon
320 3191 496 3236 recusarem
520 3182 663 3237 catenas:
698 3176 726 3235 si
750 3176 908 3254 obligarer
928 3176 1077 3245 foenore,
1101 3189 1157 3236 aes
1179 3174 1319 3235 alienum
1343 3180 1387 3232 ta-

232 3293 304 3338 men
334 3294 396 3337 non
425 3277 669 3346 renuissem,
700 3284 734 3337 ut
764 3275 951 3338 redimerem
979 3283 1131 3353 patrem.“
1176 3276 1241 3336 Par.
1272 3276 1386 3336 Aerod

232 3379 473 3440 timuissem.
502 3378 589 3440 Leid.
614 3378 651 3438 ci.
674 3380 775 3440 Burin.
795 3381 909 3441 Lucan.
937 3379 1012 3439 Vlll.
1037 3380 1096 3438 663
1121 3371 1152 3454 ρ.
1176 3379 1247 3439 662.
1270 3383 1386 3438 tenu-

235 3481 358 3541 issem
382 3479 430 3562 (ut
455 3479 616 3541 claudian.
639 3481 673 3540 B.
697 3479 778 3540 Gild.
804 3481 881 3541 268:
910 3481 1045 3541 tenuit
1074 3479 1121 3541 sic
1144 3478 1238 3550 Graia
1266 3477 1386 3553 Philip·

233 3601 293 3660 pus
316 3582 451 3643 Moenia.
483 3581 580 3641 Oisel.
610 3583 757 3642 renuit.
795 3581 1169 3643 cautionumque:
1205 3580 1295 3642 multi
1326 3595 1385 3640 re-

232 3699 367 3746 nuere.
384 3682 494 3744 Moret.
517 3690 687 3744 tenuere
714 3685 750 3744 ci.
768 3683 897 3755 Quintil.
912 3685 999 3746 Dool.
1015 3682 1064 3744 ΙΙΙ.
1081 3687 1098 3746 9
1121 3702 1151 3760 p.
1170 3684 1209 3742 66
1233 3687 1384 3743 renuet.

232 3787 324 3847 Voss.
354 3784 442 3846 Leid.
474 3785 637 3846 retinet.
669 3785 828 3847 Claudiam.
858 3787 893 3845 R.
921 3787 1006 3860 l‘ros.
1031 3785 1067 3846 ll.
1099 3787 1158 3847 287
1191 3799 1384 3852 meruere.

232 3888 320 3949 Junn.
343 3888 434 3947 Voss.
458 3888 497 3948 al.
520 3894 692 3948 tenuero
716 3895 748 3948 et
769 3890 802 3948 L.
825 3887 936 3953 Seren.
959 3880 1014 3949 66ἐ
1048 3889 1198 3948 meruit
1222 3886 1384 3948 cunabula.

232 3987 342 4050 llloret.
372 3986 642 4071 perennant).
694 3989 802 4050 Heius.
827 3989 917 4051 Ovid.
941 3990 1013 4052 Met.
1036 3990 1086 4050 IX.
1113 3990 1172 4051 566
1204 4007 1232 4065 p.
1255 3989 1314 4049 666
1340 4005 1387 4062 sq,

237 4093 274 4152 of.
296 4092 374 4152 Adu.
401 4091 449 4151 lV.
474 4092 492 4150 6
517 4107 547 4166 p.
562 4092 632 4155 606.
657 4090 727 4152 Sen.
751 4092 842 4153 Here.
867 4092 936 4152 Oet.
961 4094 1037 4167 ceo:
1060 4091 1185 4167 trepida
1208 4090 1285 4166 quid
1307 4097 1384 4150 tre-

234 4192 332 4254 muit
355 4211 473 4254 uranus.
497 4194 577 4254 Flor.
601 4210 694 4256 vere:
718 4195 864 4255 renuit.
888 4192 1082 4254 Sedatllt.
1106 4195 1163 4254 80:
1186 4191 1325 4268 Spiritus
1341 4193 1384 4252 in·

237 4294 315 4353 lelix
337 4295 496 4356 homiuem
520 4312 580 4356 nou
605 4296 700 4356 audet
720 4295 808 4356 adire
829 4293 976 4372 Effigiem
1005 4311 1177 4355 renuens
1201 4291 1278 4375 (hoo
1302 4295 1385 4353 eninr
