3030 4984
694 331 753 404 151

629 537 824 634 hxxvttt

231 713 350 771 Versus
375 711 423 771 ΙΙΙ.
448 711 477 782 2,
511 713 546 772 14
570 729 633 788 sq,
668 728 748 787 quos
784 713 831 772 sic
866 718 993 789 praeter
1027 712 1109 774 alios
1145 713 1299 780 Lehrsius

145 839 174 896 p.
200 819 240 878 to
264 831 311 890 sq.
333 811 520 889 descripsit:

315 915 419 978 Mors
443 921 482 975 et
504 916 686 993 fugacem
708 913 973 994 persequitur
995 919 1140 988 virum,

378 1018 456 1079 Nec
477 1019 612 1094 parcit
633 1019 817 1080 imbellis
837 1018 1035 1090 juventae

418 1121 652 1198 Poplitibus
675 1123 906 1199 timidoque
927 1129 1062 1200 tergo,

144 1231 286 1305 praestat
308 1225 456 1302 conjungi
480 1226 512 1286 in
534 1226 615 1286 hanc
637 1226 843 1287 sententiam:
867 1227 978 1296 „Mors
1002 1226 1145 1302 fugacem
1168 1239 1296 1299 quoque

143 1331 246 1391 virum
259 1327 461 1404 persequitur
482 1346 558 1390 non
581 1345 753 1404 parcens
775 1329 886 1391 timido
908 1334 1027 1406 tergo“
1051 1327 1136 1387 sive:
1158 1343 1242 1387 mors
1263 1331 1295 1385 ot

143 1430 347 1508 persequitur
373 1435 404 1489 et
427 1432 697 1506 consequitur
726 1432 893 1502 timidos“,
922 1431 1006 1508 quod
1035 1430 1138 1506 ipsum
1166 1430 1294 1489 verbum

144 1535 271 1596 Curtius
283 1533 332 1593 tv.
347 1536 385 1596 55
399 1535 523 1610 posuit:
549 1534 783 1596 timidissimum
812 1551 969 1611 quemque
995 1531 1292 1608 consequitur“

143 1643 174 1697 et
198 1637 239 1697 de
261 1653 323 1712 quo
337 1655 400 1697 non
414 1639 670 1699 commemoravit
683 1637 845 1710 Bentlejus
868 1635 921 1721 (cf.
935 1638 1024 1715 Valg.
1048 1655 1078 1714 p.
1094 1635 1180 1721 393),
1202 1635 1289 1695 Brito

141 1739 280 1816 Philipp.
296 1739 331 1798 V.
358 1739 435 1800 tto:
458 1741 567 1802 mortis
590 1740 776 1812 formidine,
800 1759 882 1818 quae
905 1743 1116 1819 fugientes
1140 1739 1292 1799 Conse·

142 1844 317 1920 quiturr‘
350 1841 388 1902 Et
410 1842 450 1901 de
472 1844 533 1904 hoc
555 1844 682 1919 quidem
704 1846 776 1906 loco
800 1846 865 1915 sic,
888 1851 923 1905 ut
945 1845 1108 1912 volumus,
1131 1841 1292 1916 descripto

141 1945 238 2007 video
262 1944 346 2005 idem
369 1945 489 2004 sentire
510 1945 697 2022 Hauptium3
727 1965 837 2009 verum
858 1948 891 2010 in
914 1948 978 2009 alia
1000 1945 1106 2007 omnia
1127 1942 1292 2004 disceden-

141 2049 214 2110 dum
236 2053 313 2125 puto
336 2046 377 2106 de
399 2062 494 2107 versu
516 2046 613 2122 Epod.
639 2047 672 2108 V.
697 2049 735 2110 87
746 2070 753 2111 :

213 2207 216 2219 ,
269 2149 436 2209 Venena
459 2151 678 2230 nagaumfas
701 2153 915 2229 nefasque,
938 2170 1013 2212 non
1037 2149 1178 2210 valent

332 2251 586 2313 Convertere
609 2254 813 2316 humanam
836 2256 982 2324 vicem,

141 2357 192 2416 cui
215 2369 320 2430 neque
343 2355 382 2414 ab
405 2352 463 2424 iis,
488 2368 568 2431 quos
590 2355 753 2428 Benttejus
776 2357 968 2426 nominavit,
991 2371 1097 2432 neque
1120 2371 1138 2415 a
1160 2354 1290 2416 Barthio

141 2459 216 2520 Stat.
241 2458 338 2518 Theb.
355 2456 404 2515 tv.
425 2457 486 2518 620
516 2476 547 2534 p.
568 2459 647 2520 ttro
678 2466 731 2520 aut
759 2461 873 2521 tevero
904 2462 1016 2522 Lucan.
1029 2458 1079 2518 ΙΙΙ.
1096 2457 1156 2518 car
1186 2473 1215 2532 p.
1229 2459 1290 2520 433

141 2561 219 2622 satis
255 2559 414 2635 explicato
443 2559 613 2635 Hauptium
649 2563 709 2623 hac
745 2562 983 2641 emendatione:
1022 2561 1153 2622 Venena
1183 2577 1291 2638 maga

140 2681 218 2724 non
246 2663 295 2722 fas
324 2661 496 2737 nefasque,
527 2682 590 2724 non
619 2666 725 2725 valent
748 2666 941 2726 Convertere
972 2665 1136 2724 humanam
1161 2662 1260 2722 vicem
1270 2671 1290 2700 “

140 2766 240 2826 lucem
270 2762 423 2824 affudisse
451 2771 679 2826 consenserunt
701 2765 882 2828 Meinekius
904 2764 1131 2840 Lehrsiusque.
1182 2764 1290 2825 Imme-

139 2868 217 2928 rito:
241 2880 376 2940 namque
400 2870 431 2924 et
454 2865 577 2926 minore
600 2882 699 2942 opera
721 2873 753 2928 et
776 2869 913 2930 certiore
932 2868 1068 2930 consilio
1082 2866 1195 2927 videor
1209 2866 1290 2926 hanc

139 2967 330 3030 sententiam
353 2974 553 3030 consectatus
579 2986 668 3031 esse:
692 2987 847 3048 „magam
871 2988 964 3047 quum
987 2970 1177 3048 gravissima
1196 2983 1290 3044 quae-

139 3086 201 3148 que
224 3070 350 3146 possint
374 3070 502 3132 efficere
527 3069 766 3153 (potentissima
789 3073 873 3134 enim
897 3089 1020 3135 venena
1044 3077 1115 3131 sunt
1139 3070 1291 3132 adversus

137 3173 184 3234 fas
209 3173 362 3248 nefasque
385 3173 418 3233 id
441 3179 490 3234 est
512 3175 649 3237 maxima
672 3191 782 3238 eorum
807 3177 854 3237 vis
878 3183 944 3246 est,
968 3191 1049 3252 quae
1068 3179 1100 3238 et
1118 3172 1290 3246 injuriosos

137 3274 252 3336 merita
283 3291 386 3351 poena
427 3276 579 3338 interimit
614 3285 646 3338 et
680 3279 884 3341 immerentes
917 3278 1041 3340 nefarie
1073 3273 1188 3366 toltit),
1229 3277 1291 3336 hoc

136 3396 233 3440 unum
263 3384 425 3453 nequeunt
455 3379 600 3451 efficere,
628 3385 663 3440 ut
686 3397 780 3456 quum
809 3382 901 3456 ipsae
924 3380 1069 3441 homines
1093 3379 1172 3449 sint,
1196 3395 1289 3455 supe-

136 3481 240 3542 riores
263 3486 367 3541 tamen
390 3481 535 3543 humanis
559 3483 622 3543 sint
640 3483 774 3544 vicibus.
813 3481 895 3552 Quas
912 3483 1000 3543 vices
1017 3482 1088 3555 ipse
1105 3480 1167 3552 jam
1184 3481 1288 3543 conci-

136 3590 259 3645 taturus
295 3599 332 3642 ac
366 3590 592 3658 properaturus
628 3584 712 3646 diras
748 3585 975 3661 imprecabor.“
1028 3583 1137 3657 ltaque
1166 3597 1289 3644 venena

137 3686 223 3746 dicta
246 3699 319 3744 esse
343 3685 478 3746 arbitror
501 3702 625 3763 magna
648 3687 686 3746 in
707 3687 754 3748 fas
777 3688 951 3762 nefasque,
974 3692 1008 3746 ut
1023 3703 1042 3747 a
1056 3683 1212 3744 sitiotttt.
1226 3685 1287 3746 299

137 3788 253 3865 piger
276 3785 314 3846 in
329 3785 467 3848 Martem.
482 3787 611 3849 Valerio
624 3787 734 3849 flacco
750 3789 771 3848 Ι.
791 3791 846 3851 rt:
870 3789 908 3849 in
922 3787 1096 3849 -carinas
1117 3788 1286 3849 Certior.

137 3888 299 3952 Cicerone
322 3887 379 3965 Ep.
394 3887 441 3950 tv.
459 3891 487 3959 3,
502 3890 536 3949 3:
559 3889 604 3950 ad
627 3891 777 3952 levandas
800 3892 964 3953 molestias
985 3906 1138 3966 magna:

246 3990 425 4060 Venena,
448 4008 578 4069 magna
598 3993 629 4056 1ι
652 3994 711 4053 fas
734 3993 950 4069 nefasque,
973 4010 1048 4053 non
1070 3993 1208 4053 vatent

351 4093 602 4154 Convertere
625 4096 826 4158 humanam
848 4096 987 4156 vicem.

136 4194 203 4266 Quo
228 4195 342 4256 eodem
364 4197 456 4257 modo
480 4213 499 4257 a
520 4196 873 4271 proportionata,
893 4196 930 4256 31
960 4193 1026 4278 (tv.
1052 4197 1100 4267 18,
1123 4196 1177 4276 33)
1205 4199 1288 4258 haec

136 4298 255 4375 scripto
278 4312 368 4358 esse:
391 4295 459 4370 Qua
480 4296 626 4360 Siculae
650 4304 713 4361 est
734 4299 837 4362 victor
857 4300 982 4361 telluris
998 4298 1147 4361 Claudius
1170 4304 1202 4360 et
1224 4315 1287 4378 qua
