3026 4988
687 366 730 436 85

122 554 183 600 cae
213 540 341 599 virtutis
373 539 501 616 Spartos
535 541 731 616 amplissime
766 560 835 602 curn
866 543 992 618 plurimi
1023 545 1194 621 scriptores
1218 549 1282 608 lau·

122 641 256 711 darunt,
294 659 374 716 quos
409 643 441 702 in
477 643 615 702 medium
645 644 749 704 attulit
783 645 933 705 loensius
962 645 1060 721 Epist.
1090 665 1139 722 up.
1170 649 1282 710 Graev.

123 744 288 820 Syntagm.
311 745 396 805 Diss.
421 762 450 818 p.
464 745 525 805 ata
541 763 605 820 sq.,
636 764 693 806 nos
717 748 814 807 Theb.
837 748 905 806 lter.
930 747 1022 823 Spec.
1045 766 1076 823 p.
1095 753 1112 809 9
1128 767 1194 825 sq.,
1217 757 1282 810 tum

126 846 182 921 qui
207 846 444 922 Epaminondae
477 849 655 922 sepulcrum
686 847 832 909 draconis
863 850 1001 925 imagine
1033 850 1158 926 insigne
1182 852 1282 912 luisse
1362 919 1363 924 γ

124 947 279 1022 prodidit,
295 949 467 1013 Pausanias
479 949 557 1009 vlll.
575 951 623 1019 11,
640 955 674 1012 5:
697 946 796 1025 οἷσοῖς
818 941 870 1013 ἐπ’
891 947 976 1036 αὐτῷ
989 948 1146 1033 δράκοντα
1163 951 1282 1037 ἔχοισα

124 1048 392 1131 ἐπειργασμένον·
418 1045 435 1114 ὃ
457 1054 516 1132 μὲν
539 1048 575 1126 δι’]
591 1048 715 1133 δράκων
736 1051 843 1117 ἐθέλει
868 1058 1032 1135 σημαίνειν
1053 1059 1121 1117 τοῦ
1142 1057 1281 1137 γένους

125 1147 205 1215 τῶν
227 1153 425 1232 Σπαρτῶν
446 1155 648 1235 καλουμένων
670 1147 752 1218 εἶναι
776 1152 832 1219 τὸν
850 1151 1112 1237 Ἐπαμεινώνδαν.

214 1256 277 1316 Sed
307 1256 419 1316 Rutilii
450 1258 481 1317 ei
512 1259 600 1327 loco,
632 1275 725 1333 quern
751 1257 814 1330 jam
844 1258 939 1320 video
973 1261 1075 1333 ipsum
1099 1261 1277 1322 Peerlkam-

126 1361 215 1436 pium
246 1376 275 1434 p.
298 1359 358 1419 385
388 1359 504 1420 leviter
532 1362 686 1421 transisse
721 1368 752 1420 at
788 1362 1000 1421 tantummodo
1039 1363 1277 1437 perstrinxisse,

123 1461 273 1533 adjiciam
295 1462 429 1522 alterurn
442 1461 473 1520 ·1.
497 1462 573 1522 233:
611 1463 675 1523 Seu
704 1463 765 1524 Pan
796 1463 967 1540 Tyrrhenis
997 1463 1167 1524 mutavit
1196 1463 1279 1525 blae-

123 1566 197 1625 nala
219 1564 353 1632 silvis“‚
378 1578 471 1639 quem
494 1580 564 1624 cum
587 1564 716 1626 Horatio
743 1565 764 1624 l.
790 1567 870 1634 11,1
907 1581 1090 1642 comparare
1114 1585 1174 1627 non
1198 1568 1278 1643 lugit

123 1667 357 1735 Castalionern,
383 1666 462 1742 fugit
485 1667 769 1728 blitseberlicbium
786 1687 822 1745 p.
845 1670 909 1732 186.

638 1885 766 1980 Xblll.

208 2075 348 2148 Quorum
370 2073 559 2136 auctoritate
581 2075 654 2135 duci
676 2076 775 2136 terme
799 2078 898 2146 solet,
929 2093 1037 2138 eorum
1060 2079 1147 2138 nulla
1168 2077 1278 2138 habita

122 2181 248 2242 ratione
270 2179 422 2239 chrsius
446 2196 475 2253 p.
497 2178 536 2236 11
560 2180 705 2255 pepercit
730 2179 836 2239 versui
859 2179 894 2238 ll.
919 2182 948 2249 2,
975 2183 1028 2241 ll:

295 2279 436 2340 Latius
479 2296 623 2356 regnes
659 2280 819 2341 avidum
854 2281 1048 2343 domando

294 2381 505 2457 Spiritum,
530 2399 640 2457 quam
667 2383 703 2442 si
725 2384 887 2459 Libyam
910 2386 1078 2445 remotis

296 2483 472 2545 Gadibus
493 2484 641 2561 jungas
672 2491 709 2544 et
729 2492 849 2566 uterque
871 2486 982 2549 Poenos

444 2586 610 2647 Serviat
633 2588 709 2647 uni.

121 2691 247 2751 Etenim
271 2689 406 2759 „Poeno
430 2689 548 2750 nullum
572 2690 625 2749 bie
647 2691 750 2749 locum
776 2705 849 2748 esse
873 2696 1018 2749 certurn“
1046 2687 1207 2748 Meinekio
1231 2691 1276 2748 vi-

122 2811 189 2853 sum
214 2798 265 2852 est
289 2797 362 2867 post
388 2791 602 2868 Peerlkarnpii
625 2792 890 2866 disputationem,
915 2808 1007 2866 quam
1030 2790 1159 2866 quidem
1180 2791 1277 2851 focile

122 2913 232 2958 omnes
264 2894 438 2955 concedent
461 2911 535 2954 esse
565 2896 659 2972 longe
692 2895 885 2981 inferiorern
908 2892 1084 2953 subtilitate
1108 2893 1276 2954 Schraderi

121 2998 251 3061 Emend.
270 2996 322 3056 lV.
345 2989 374 3074 p.
390 2999 429 3056 18
445 3014 514 3072 sqq.
557 2997 595 3057 Et
618 2998 671 3057 bic
693 2997 820 3071 quidem
845 3015 901 3073 pro
921 2997 1027 3057 Poeno
1051 2996 1160 3055 inlerri
1181 2995 1278 3068 jussit

122 3109 301 3179 pontum,
332 3101 571 3176 Peerlkampius
601 3107 706 3160 autern
736 3101 953 3169 Phoebum,
984 3107 1058 3176 post
1091 3116 1170 3174 quos
1200 3098 1275 3159 nei-

121 3206 238 3266 nekius
262 3203 347 3278 qnod
372 3221 392 3262 a
415 3202 603 3262 Nemesiano
629 3204 702 3278 Cyn.
720 3205 759 3263 65
790 3203 906 3262 dictum
937 3203 1118 3262 invenerat:
1152 3203 1276 3278 gemi-

121 3309 183 3367 nis
208 3308 280 3366 sub
304 3305 462 3365 linibus
487 3306 635 3374 orbis“,
671 3305 825 3365 calidiore
848 3305 985 3366 consilio
1010 3305 1040 3364 in
1066 3303 1187 3364 Horatii
1211 3321 1274 3364 car·

120 3411 192 3470 men
223 3407 399 3468 transtulit:
430 3413 462 3466 et
492 3414 626 3481 uterque
657 3405 788 3466 linis.“
844 3406 903 3478 Qui
927 3422 1037 3468 omnes
1061 3405 1179 3477 majora
1202 3424 1273 3466 con-

121 3512 237 3574 sectati
269 3515 356 3579 sunt,
392 3527 485 3585 quam
516 3524 597 3584 quae
627 3516 679 3568 aut
709 3509 762 3568 bic
785 3511 1003 3587 locasrcapiat
1026 3515 1078 3570 aut
1102 3524 1276 3584 congruere

120 3616 209 3676 dicas
234 3631 303 3674 cum
328 3628 366 3672 eo
391 3613 555 3680 instituto,
586 3612 671 3686 qirod
700 3614 838 3673 cernitur
861 3606 911 3674 111.
937 3614 986 3682 ld,
1011 3605 1046 3672 11
1080 3610 1133 3690 (ci.
1149 3610 1276 3670 Sobrad.

120 3718 185 3778 ld.
218 3715 366 3776 Oawbns.
389 3715 488 3774 Noett.
520 3714 597 3791 Hag.
625 3713 713 3775 uta
747 3734 776 3790 p.
798 3717 886 3794 aaut:
922 3716 1036 3775 melius
1061 3730 1217 3788 -quam
1247 3712 1275 3772 si
1314 3752 1316 3755 -

119 3820 301 3898 Mygdoniis
334 3834 465 3894 regnum
487 3817 629 3893 Alyattei
654 3817 779 3892 Campis
811 3820 1023 3879 continuem.“
1061 3814 1159 3891 Epist.
1183 3816 1220 3883 ll,
1246 3817 1273 3883 1,

123 3925 197 3984 tlt:
242 3921 359 3996 quidve
395 3917 558 4004 (prosunt)
597 3921 737 3981 Calabris
775 3921 914 3981 Saltibus
950 3917 1067 3989 adjecti
1105 3912 1274 3975 Lucani?“

120 4026 197 4087 Nam
221 4023 378 4085 cunnrlate
402 4021 538 4084 consilio
562 4028 678 4099 poetae
700 4023 827 4083 videtur
850 4020 1020 4087 satisfieri,
1053 4018 1082 4078 si
1105 4017 1274 4076 secundum

120 4133 283 4204 receptam
305 4125 391 4186 illam
414 4124 677 4187 consuetudinem
706 4125 872 4184 maximam
903 4122 1068 4198 regionum
1090 4119 1271 4195 longinqui-

120 4236 217 4290 tatem
239 4229 414 4289 dafiniendi
444 4229 624 4289 nominibus
648 4227 762 4288 'lanais
792 4231 823 4284 et
847 4222 979 4285 Gadium
1008 4218 1157 4304 (Nicepb.
1181 4221 1275 4300 Greg.

120 4332 228 4392 Vlla
261 4333 379 4407 ptus,
405 4330 458 4416 12)
490 4333 560 4390 sive
584 4329 736 4390 Atlantici
765 4326 859 4388 maris
893 4331 924 4386 et
946 4325 1036 4387 Ponti
1062 4321 1173 4408 (Sopb.
1197 4325 1274 4385 Oed.
1338 4397 1340 4399 ¹
