3026 4988
686 352 728 421 tt

128 529 213 604 quod
238 527 368 589 minime
390 527 518 596 mirum,
542 525 676 588 Lehrsio
702 524 880 602 pxxxtv.
915 525 948 585 ln
971 525 1037 586 alia
1059 526 1165 587 omnia
1179 525 1282 587 disce-

127 631 267 691 dendum
294 645 421 690 censeo.

215 732 349 793 Primum
373 731 457 792 enim
481 728 574 789 illud:
610 729 753 790 mortis
783 726 988 805 gradum“‚
1019 728 1103 803 quod
1133 745 1194 805 qrra
1215 734 1282 789 tan-

126 834 200 895 dem
233 835 355 895 ratione
377 851 396 894 a
418 833 565 893 simulato
595 831 726 892 Horatio
764 837 817 892 aut
853 829 1031 908 excogitari
1059 831 1199 905 potuerit
1229 837 1282 891 aut

127 953 213 998 exv.
233 938 272 997 33
297 935 446 1004 derivari,
470 950 528 995 nec
543 933 781 1010 Peerlkampius
804 932 978 1008 expiicavit
1000 948 1059 993 nec
1082 934 1190 1009 quiin
1213 932 1282 1004 ejus
1376 1015 1379 1019 ι

127 1039 321 1118 auctoritate
342 1036 521 1107 delitescit,
552 1035 723 1106 Latinius,
753 1034 832 1096 satis
857 1040 887 1094 et
911 1035 1081 1110 explanare
1105 1041 1137 1094 et
1158 1035 1283 1096 firmare

128 1140 243 1200 videor
261 1140 425 1201 Claudiani
450 1139 685 1216 comparatione
709 1138 793 1198 Mali.
817 1138 908 1197 Cous.
926 1138 982 1197 ou:
1005 1135 1074 1197 Una
1091 1142 1282 1214 potestatum

126 1243 245 1319 spatiis
268 1241 410 1316 interfuit
441 1247 530 1302 aetas
554 1242 699 1316 Totque
731 1239 880 1318 gradus
909 1239 983 1300 iati
1013 1237 1206 1310 juvenilibus
1236 1241 1281 1300 iu·

126 1343 201 1405 tulit
224 1345 343 1406 annis“
373 1344 411 1403 cf.
434 1345 541 1403 Barth.
565 1363 595 1420 p.
612 1344 655 1404 88
685 1350 717 1403 et
747 1341 840 1402 Rutii.
865 1343 898 1402 it.
921 1341 945 1400 1.
969 1342 1030 1403 508
1060 1360 1089 1419 p.
1109 1343 1167 1403 tto
1197 1344 1281 1422 (sunt

127 1446 214 1508 enim
237 1447 353 1507 mille
376 1445 453 1506 loti
483 1446 614 1506 facies
637 1444 693 1504 Sil.
717 1443 766 1502 lv.
792 1447 869 1515 633,
898 1443 984 1504 aliae
1015 1444 1088 1506 aliis
1118 1445 1281 1506 foediores

126 1550 202 1610 Seu.
225 1550 301 1609 Oed.
329 1549 397 1610 180.
435 1549 550 1608 Lucan.
575 1546 624 1608 111.
650 1548 819 1608 652101).
855 1547 1013 1624 Aglaoph.
1036 1548 1154 1625 pito.
1189 1547 1281 1625 Grag.

126 1651 308 1712 Naadamb.
324 1652 362 1711 18
378 1669 408 1727 p.
424 1650 496 1713 216.
520 1652 560 1711 C:
578 1653 656 1732 πῦρ,
678 1651 765 1732 ξίφη,
779 1645 942 1731 βάραθρα,
964 1645 1069 1731 λιμὸν,
1091 1643 1283 1734 ἀγχόνην,

125 1753 258 1836 θῆρας
279 1755 499 1836 φονῶντας.
522 1754 600 1814 Prie.
611 1753 702 1829 Apul.
716 1751 790 1813 Met.
805 1753 853 1812 tv.
867 1771 896 1830 p.
908 1754 969 1816 223
985 1771 1031 1829 sq.
1048 1754 1170 1816 Peerlk.
1181 1754 1280 1830 Epod.

125 1855 210 1915 XVII
243 1872 272 1929 p.
289 1857 362 1934 aot)
394 1861 426 1915 ct
455 1854 590 1916 Ausonii
619 1855 742 1916 Parent.
771 1854 872 1915 Praei.
896 1856 930 1916 8:
964 1854 1095 1917 Munera
1123 1891 1161 1901 -
1192 1854 1279 1927 Quae

125 1958 226 2018 Numa
261 1956 405 2034 cognatis
440 1955 596 2017 solemnia
631 1956 758 2018 dedicat
793 1957 928 2027 umbris,
964 1956 1003 2017 Ut
1040 1959 1189 2035 gradus
1227 1965 1281 2019 aut

128 2060 273 2120 mortis
297 2061 437 2137 postulat
461 2066 515 2120 aut
538 2059 677 2136 generis.
728 2059 796 2121 Hoc
825 2059 903 2120 satis
934 2067 965 2120 et
989 2061 1171 2131 tumulis,
1201 2061 1280 2122 satis

127 2170 160 2223 et
183 2163 354 2224 telluris
378 2162 538 2239 egenis:
568 2161 655 2222 Voce
685 2163 772 2222 ciere
802 2162 922 2222 animas
951 2162 1072 2223 funeris
1102 2163 1201 2224 instar
1224 2164 1276 2224 ira-

125 2267 220 2336 bet“‚
245 2284 302 2341 pro
326 2282 388 2341 quo
412 2265 483 2325 loco
506 2282 614 2340 parum
638 2264 800 2326 intellecto
824 2265 924 2326 satius
947 2265 1007 2325 init
1027 2267 1278 2343 aPecrlkompio

126 2368 273 2429 adhiberi
298 2367 349 2426 vei
372 2367 444 2427 Seu.
468 2365 557 2426 Herc.
579 2366 647 2426 Fur.
672 2367 749 2429 2611ε
776 2368 850 2428 finis
875 2367 1006 2428 alterius
1029 2368 1104 2428 mali
1126 2367 1279 2454 Gradus

125 2477 176 2530 est
200 2470 325 2530 futurit‘
349 2471 386 2529 cf.
410 2471 489 2529 291:
522 2468 674 2545 tpridquid
698 2470 792 2530 avida
814 2485 872 2545 per
897 2476 957 2531 tot
979 2487 1169 2530 annorum
1193 2489 1278 2548 gra-

125 2575 200 2634 dus
223 2573 397 2634 abscondit
420 2578 542 2632 aetas.“

213 2675 326 2752 Magna
368 2674 502 2754 deinde
526 2673 699 2734 diversitas
746 2674 909 2735 doctorum
950 2673 1111 2735 hominum
1151 2681 1200 2735 est
1239 2674 1280 2734 de

127 2794 224 2838 versu
255 2777 354 2837 altero
385 2775 639 2852 disceptantium.
692 2776 769 2836 Nam
799 2775 882 2851 quod
904 2774 1068 2847 Bentlejus
1091 2776 1222 2852 protulit
1245 2783 1280 2836 ut

125 2881 164 2941 ad
190 2877 380 2940 sententiam
404 2877 571 2955 aptissime
596 2878 810 2956 excogitatum
834 2880 879 2939 ita
896 2896 916 2939 a
934 2879 1107 2939 memoriae
1131 2879 1194 2939 fide
1216 2878 1279 2940 dis-

124 2983 376 3055 junctissimum:
400 2980 531 3040 rectis
556 2982 657 3042 oculis
669 2991 698 3052 ⁸⁴,
724 2981 756 3040 id
780 2997 819 3041 ne
841 2998 922 3042 nunc
936 2981 1063 3056 quidem
1078 2981 1217 3061 desitum
1229 2989 1278 3043 est

126 3084 235 3144 multis
259 3098 453 3160 magnopere
477 3084 624 3160 probari,
647 3090 681 3143 ut
696 3081 876 3156 Meineki03
899 3084 968 3159 qni
991 3084 1165 3145 invictis
1188 3101 1280 3146 ocu·

125 3187 181 3247 lis
209 3186 377 3262 proposuit
399 3185 562 3247 Paidamus
590 3201 649 3260 per
687 3202 757 3248 eum
782 3185 888 3262 lapsus
913 3202 1067 3258 errorem,
1099 3187 1139 3247 de
1162 3206 1224 3263 spuo
1248 3189 1282 3249 in

127 3289 248 3349 Cinnae
272 3287 507 3348 commentariis
531 3288 659 3350 dicendi
682 3289 777 3365 copia
800 3288 878 3361 erit3
903 3296 976 3350 ante
1000 3305 1093 3365 quem
1107 3291 1279 3365 Arutrenio

126 3389 300 3452 Mamertin.
330 3390 520 3460 Pan.10‚'i
557 3409 587 3467 p.
608 3392 646 3452 53
687 3390 789 3461 idem,
826 3392 911 3467 quod
942 3393 1176 3469 Guuinghamo‚
1212 3411 1279 3452 suc·

128 3493 267 3552 currisse
298 3492 413 3552 video:
444 3493 548 3554 fixis
577 3494 709 3554 oculis“
732 3493 781 3554 illi
804 3494 932 3569 quidem
963 3495 1093 3571 opinato
1117 3502 1204 3565 recte
1234 3497 1282 3556 sic

127 3594 194 3656 dici
226 3594 335 3654 oculos
369 3594 533 3656 defixos
561 3595 635 3656 Hor.
666 3595 767 3672 Epist.
790 3595 812 3654 1.
838 3597 867 3666 6,
893 3597 941 3656 11.
978 3595 1164 3657 immotos
1188 3596 1279 3662 Ovid.

128 3695 204 3758 Met.
215 3694 250 3755 11.
266 3697 335 3757 562.
370 3697 429 3768 Qui
452 3705 557 3758 autem
581 3698 717 3759 siccos
741 3699 850 3759 oculos
872 3697 1005 3758 retineri
1027 3699 1148 3769 volunt,
1172 3715 1281 3760 eorum

129 3799 224 3860 atteri
247 3797 307 3870 „in
332 3789 462 3860 summo
475 3807 561 3861 metu
584 3807 616 3860 ct
638 3800 866 3877 desperatione
888 3802 1034 3862 lacrimas
1056 3817 1156 3879 saepe
1173 3801 1279 3863 oriri“

129 3901 288 3962 curiosius
321 3898 391 3985 (scd
421 3903 541 3963 omisso
565 3902 688 3975 Seneca
708 3903 744 3964 11.
768 3905 835 3963 Oet.
863 3902 959 3988 1263)
981 3904 1216 3972 disseruerunt,
1247 3909 1281 3963 ut

129 4002 373 4080 Oudendorpius
412 4005 716 4082 Peerlkampiusquc
754 4007 805 4065 vel
841 4005 985 4083 Uptonus
1024 4006 1166 4067 Arrhiau.
1195 4005 1280 4065 Diss.

129 4104 230 4182 Epict.
255 4103 306 4167 111.
330 4107 369 4167 26
393 4125 422 4184 p.
438 4108 516 4176 226,
546 4105 640 4167 alteri
671 4107 843 4179 „siccitate
867 4108 1029 4168 oculorum
1052 4121 1144 4168 omne
1168 4107 1281 4166 callum

129 4207 226 4268 animi
245 4207 453 4284 significari“
478 4215 605 4286 putant,
636 4218 670 4270 ut
692 4211 806 4271 Antius
829 4208 973 4284 Spurinn.
1000 4225 1030 4283 p.
1046 4209 1085 4270 83
1117 4211 1149 4268 et
1176 4209 1279 4269 Blom-

129 4308 244 4369 iieldus
261 4311 469 4390 Aesch.Sept.
484 4313 545 4374 693
563 4330 591 4389 p.
605 4313 663 4374 163
675 4319 775 4398 1616116
791 4313 873 4388 ipse,
890 4327 982 4387 quem
996 4310 1091 4410 prodo
1108 4309 1279 4382 nominavi,
