3026 4988
691 334 756 405 1⁰8

139 509 238 579 atque
261 501 395 564 Horatio
421 502 485 573 iarn
513 505 626 564 ruerilo
654 506 893 578 intendamus,
927 513 1013 584 quod
1034 514 1153 587 Ennio,
1187 520 1300 580 Lucre-

23 603 25 628 '
138 606 204 674 lio,
234 604 374 682 Virgilio
400 612 447 674 el,
478 621 519 664 ne
544 623 654 666 ornnes
677 625 879 680 recenseam,
909 611 1078 675 Prudentio
1108 621 1183 699 περὶ
1210 643 1299 704 arcp.

138 706 175 766 Il.
201 707 274 766 263.
300 708 388 767 Orac.
412 725 462 784 ap.
486 708 546 766 lul.
566 709 668 768 Valer.
692 711 728 770 R.
749 711 836 772 Gesl.
860 714 950 774 Alex.
966 714 988 772 l.
1005 718 1044 776 31
1068 737 1096 795 p.
1113 720 1168 780 ll:
1197 721 1300 792 Quare

21 811 22 820 ’
138 809 172 869 id
194 815 308 884 putato
332 815 419 870 lule
444 810 762 873 commodissimum“
786 832 973 878 concessum
996 819 1065 880 1511.
1087 877 1093 886 ,

223 1048 336 1125 Neque
360 1050 456 1111 aliter
475 1049 679 1121 judicandum
703 1060 754 1112 esl
776 1055 816 1113 de
840 1072 935 1118 versu
959 1061 993 1118 ἵε

355 1187 538 1246 Telluris
558 1187 753 1259 juvenes,
776 1193 878 1252 und-c
901 1193 1061 1274 perleslsn

480 1290 658 1368 Fulgens
682 1295 926 1353 contremuit
953 1297 1091 1355 donnus

353 1389 517 1451 Saturni
539 1393 699 1453 veleris

134 1524 166 1583 in
200 1523 284 1584 hanc
316 1527 459 1601 speciem
496 1527 623 1587 detorto
657 1547 686 1604 p.
709 1530 877 1591 Llllllllll:
910 1532 994 1591 unde
1023 1549 1092 1609 per
1125 1536 1295 1596 aelhera

132 1626 294 1702 fulgens.“
329 1625 462 1698 'eranlo
484 1629 612 1689 facilius
635 1631 697 1690 boc
720 1634 915 1708 persuadere
937 1633 1049 1694 videor
1071 1636 1200 1706 eodem,
1231 1655 1293 1712 quo

133 1745 152 1788 a
180 1728 291 1788 mullis
323 1731 507 1790 vocabulum
537 1733 653 1793 nelas
683 1733 803 1813 (Barth.
825 1733 901 1794 Slal.
923 1736 1084 1796 Theblll.
1103 1740 1141 1797 54
1175 1741 1292 1814 pllssb.

133 1831 218 1889 Cort.
243 1831 358 1890 Lucan.
382 1829 404 1888 l.
429 1831 490 1891 616
521 1852 550 1909 p.
569 1832 656 1917 lul),
696 1836 790 1895 ruodo
813 1837 953 1912 positum
975 1840 1014 1898 ab
1036 1837 1167 1900 Horatio
1191 1841 1293 1900 luisse

131 1932 356 2008 piaculum:

619 2040 724 2099 unde
747 2036 920 2123 (plseslu)

393 2137 570 2216 Fulgeus
600 2140 852 2201 contremuit
882 2141 1034 2206 domus.

132 2274 191 2333 Cui
215 2273 281 2349 ipsi
306 2275 460 2335 vocabulo
484 2277 675 2348 saepissime
697 2277 848 2337 nocuisse
872 2277 921 2346 id,
951 2278 1036 2352 quod
1056 2277 1118 2349 jam
1139 2279 1289 2339 librorum

131 2391 292 2435 consensu
329 2376 360 2435 in
395 2377 458 2435 hoe
493 2378 564 2437 loco
601 2377 809 2446 inveteravit,
847 2379 1007 2438 declaranl
1036 2379 1157 2439 Plinius
1186 2381 1221 2439 N.
1252 2380 1288 2441 ll.

131 2477 223 2536 XXV.
249 2478 278 2547 8,
302 2479 358 2537 lo:
390 2480 502 2539 domus
525 2487 593 2540 lula
615 2496 632 2539 5
657 2479 837 2555 piaculis
861 2481 1017 2541 omnibus.
1060 2479 1152 2539 Voss.
1178 2483 1287 2556 peri-

130 2580 254 2639 culis.
298 2579 447 2640 Valerius
469 2581 599 2641 Flaccus
623 2580 657 2640 ll.
683 2583 760 2642 563:
797 2589 870 2656 post
894 2589 1010 2657 quauta
1038 2582 1205 2656 piacula
1233 2600 1286 2657 pa-

129 2689 221 2742 truur.
274 2683 378 2742 Burrn.
415 2681 484 2741 cod.
524 2684 722 2755 pericula.
778 2684 969 2744 Claudianus
1005 2683 1133 2758 Eutrop.
1155 2684 1176 2741 l.
1209 2685 1285 2743 431:

128 2784 302 2860 peregrina
326 2783 501 2858 piacula.
526 2785 581 2844 Ox.
605 2783 675 2844 Val.
694 2784 848 2844 Pul.Mas.
875 2786 914 2845 al.
938 2786 1128 2861 pericula
1150 2790 1183 2844 el
1206 2801 1285 2858 quos

127 2884 294 2944 nominant
318 2884 471 2944 Heinsius
495 2884 585 2944 ovid.
607 2885 678 2945 Mel.
695 2886 760 2944 XV.
780 2887 838 2948 151
862 2906 894 2962 p.
912 2888 1003 2949 111111.
1027 2888 1286 2961 Burmannusque

123 2967 164 3045 lr.
189 2989 251 3048 555
276 3002 305 3060 p.
323 2987 383 3048 555
408 2992 439 3045 a
461 2986 530 3046 vu.
553 2986 652 3046 5555.
676 2986 711 3047 ll.
729 2989 788 3049 555
813 3005 841 3063 p.
858 2989 920 3049 555
945 2995 977 3048 ec
999 2989 1189 3048 Amazonius
1210 2988 1284 3049 nra-

126 3096 184 3149 lor.
203 3089 223 3148 I.
244 3088 302 3149 188
327 3106 357 3164 p.
373 3090 412 3149 11
429 3085 468 3171 *).

212 3357 244 3426 *)
277 3359 357 3409 Libet
389 3359 509 3423 adjicere
540 3359 612 3410 idem
638 3361 805 3431 'vocabulum
836 3361 909 3426 apud
939 3361 1152 3410 Ammiauum
1182 3357 1283 3411 Maro.

123 3447 212 3500 XVll.
230 3447 258 3508 4,
276 3445 322 3496 lb:
353 3444 477 3494 restabat
500 3445 618 3506 erectio,
643 3445 777 3508 5555515
796 3450 843 3494 551
869 3461 903 3494 55
921 3445 968 3495 vix
987 3444 1095 3506 quidem
1120 3444 1284 3510 sperabatur

123 3548 209 3603 posse
234 3530 366 3597 compleri
390 3530 597 3593 erectisque
621 3545 731 3594 usqua
761 3529 808 3594 (id
833 3536 886 3582 est
911 3529 1043 3592 absque
1068 3529 1179 3579 accurs.
1204 3529 1282 3578 ide·

123 3619 268 3682 stisque
286 3615 356 3668 alar.
374 3616 452 3667 Rom.
472 3614 579 3680 Vatic.)
603 3615 890 3682 periculum-altis
913 3614 1091 3666 trabibus-
1108 3614 1283 3664 innectuntur

121 3703 196 3756 vasti
215 3702 321 3752 lunes“
342 3701 471 3769 imperita
498 3714 514 3750 a
538 3700 659 3753 llbrariis
684 3699 790 3751 illatum
816 3716 878 3753 5555
903 3716 952 3770 pro
975 3699 1113 3751 mantione
1132 3697 1281 3764 singularis

123 3787 269 3854 cujusdam
288 3793 438 3855 apparatus
455 3787 484 3837 15
504 3787 576 3837 15555
595 3787 703 3837 modum
721 3786 808 3837 lacta:
837 3786 971 3854 compleri
989 3785 1130 3851 argalio
1147 3784 1281 3851 trispa-

123 3875 268 3937 stisque.
304 3873 368 3923 Per
395 3871 548 3923 suculam
576 3872 687 3923 elatis
705 3872 831 3923 trabibus
850 3871 915 3920 —.“
954 3869 993 3920 De
1018 3885 1071 3935 qua
1095 3886 1125 3921 55
1151 3869 1219 3920 511511
1237 3884 1280 3920 su·

122 3961 249 4029 spicatas
258 3957 394 4025 Hauptius
410 3958 479 4008 haec
498 3957 552 4009 sibi
571 3958 645 4009 51555
664 3964 706 4009 551
718 3957 900 4024 probabiliter
913 3956 1084 4007 restituisse:
1105 3955 1280 4021 (11555115-

122 4061 185 4111 que
210 4043 251 4094 ad
270 4042 558 4111 perpendiculum
577 4042 640 4093 51115
657 4042 824 4104 trabibus“;
849 4055 1045 4104 assensumque
1063 4041 1104 4104 15,
1129 4040 1174 4104 qui
1193 4054 1280 4106 nuper

122 4129 263 4182 Ammiani
281 4145 351 4196 opus
369 4129 521 4193 recensuit,
540 4128 668 4196 praebuit
687 4135 714 4179 et
731 4129 784 4179 1555
802 4129 829 4178 15
849 4113 907 4177 1555
927 4131 954 4175 51
972 4125 1000 4174 15
1020 4124 1097 4188 aliis,
1124 4125 1159 4176 de
1180 4124 1278 4188 quibus

120 4217 202 4281 longe
224 4215 277 4266 5115
294 4229 524 4281 praeceperamus
543 4220 637 4265 555155
656 4213 691 4264 ad
707 4212 855 4277 Bergkium
873 4210 907 4261 de
925 4209 1062 4260 Ammiani
1081 4210 1150 4262 15515
1170 4217 1277 4263 contro·

120 4302 210 4354 versis
230 4294 355 4368 Epistola
374 4299 475 4350 critica
503 4299 581 4365 11155.
602 4298 707 4351 Strelit.
728 4297 816 4362 1868).
