3026 4988
755 357 820 430 108

213 543 284 599 eum
308 529 454 596 stabilire
475 545 572 605 posse
597 529 659 588 visi
681 548 787 590 sumus
811 530 1047 604 comparatione
1072 530 1189 591 Lucani
1211 530 1260 590 lll.
1285 534 1366 592 lar:

212 635 361 693 multus
389 650 446 694 sua
468 634 600 694 vulnera
629 635 730 713 puppi
752 634 863 694 Aifixit
893 634 1058 694 moriens“
1091 631 1197 716 (quern
1220 637 1325 696 locum
1346 655 1368 697 a

212 735 415 811 Bernhardyo
441 740 561 795 erutum
585 736 707 797 sublato
731 736 927 812 Bernhardyi
951 736 1078 795 nomine
1102 737 1367 798 Breitenbachius

212 838 314 900 attulit
346 837 503 898 immerito
533 836 594 908 jam
626 838 770 898 laudatus
800 841 839 899 ab
861 837 1006 914 lloeggio
1038 839 1208 898 Comment.
1238 840 1279 898 de
1309 842 1366 900 ali-

193 946 288 1015 quot
324 938 448 1000 Horatii
484 939 674 1000 carminibus
707 942 796 1000 1862.
828 942 932 1018 Progr.
970 941 1138 1017 Arnsberg.
1177 960 1204 1018 p.
1227 941 1297 1024 llll)
1333 951 1367 1003 et

212 1042 401 1103 Graecorum
425 1028 613 1117 scriptorum
635 1041 676 1102 iis
700 1044 875 1118 exemplis,
907 1026 1021 1117 quibus
1045 1061 1074 1118 p.
1092 1043 1150 1102 377
1176 1046 1365 1119 compositis

211 1143 328 1206 addere
357 1142 434 1203 licet
460 1143 564 1208 Nonni
596 1160 721 1205 versum
743 1143 792 1203 Vl.
817 1146 894 1206 280:
929 1139 1028 1218 πολὺς
1055 1145 1090 1206 δέ
1117 1167 1163 1219 τις
1191 1141 1289 1216 ἄλλος
1312 1143 1364 1210 ἐπ’

211 1241 297 1329 ἄλλῳ
321 1241 452 1308 Πλώετο
474 1241 659 1326 κυματόεντι
682 1247 768 1319 νέκυς
789 1247 1008 1328 πεφυρημένος
1032 1239 1116 1330 ὁλκῷ
1138 1249 1293 1310 aLubino
1318 1252 1366 1311 sic

212 1349 367 1408 redditum
391 1365 421 1422 p.
443 1349 517 1409 195:
548 1349 746 1423 plurimus
777 1365 853 1410 vero
884 1349 966 1409 alius
987 1365 1083 1425 super
1106 1350 1201 1410 alium
1226 1354 1365 1424 natabat,

211 1453 365 1512 lluctuoso
389 1456 529 1510 mortuus
553 1433 635 1512 latus
659 1455 789 1511 tractu.“
836 1451 899 1512 Sed
921 1458 955 1511 ut
978 1452 1188 1512 certissimum
1202 1455 1255 1524 sit,
1280 1457 1365 1530 quod

211 1553 257 1614 sic
282 1568 408 1627 quoque
431 1552 558 1618 dubium
582 1559 646 1611 est:
669 1569 797 1614 manere
824 1554 856 1614 in
881 1571 919 1614 eo
943 1551 1102 1613 s'ententia
1125 1573 1186 1614 non
1211 1557 1288 1616 licet
1312 1560 1364 1626 vel

210 1660 396 1732 propterea,
421 1654 504 1727 quod
528 1654 597 1729 ipsa
612 1669 662 1712 res
679 1653 818 1716 declarat
842 1673 1059 1732 paucorum
1081 1657 1242 1717 hominum
1263 1659 1363 1719 luisse

211 1774 279 1817 earn
303 1757 442 1825 turham,
472 1773 553 1831 quae
576 1773 688 1832 magno
713 1757 844 1818 lunonis
876 1761 998 1820 honore
1029 1759 1205 1840 duceretur.
1252 1761 1363 1837 ltaque

210 1859 344 1934 reliquis
368 1858 495 1920 omissis
518 1860 579 1918 hoc
602 1859 723 1918 tenenti
747 1859 1012 1936 defendendique:
1036 1863 1074 1921 ab
1098 1861 1230 1922 Horatio
1249 1865 1364 1926 habita

211 1963 334 2024 ratione
364 1967 395 2021 et
424 1962 543 2031 lamae,
579 1978 641 2036 que
670 1968 734 2022 tum
764 1977 864 2037 equus
895 1961 1028 2033 Sejanus
1060 1965 1294 2037 celebraretur,
1332 1975 1363 2027 et

211 2082 337 2134 eorum,
361 2083 440 2140 quos
463 2065 628 2139 pulverem
652 2065 848 2140 Olympicum
871 2065 1027 2138 curriculo
1052 2065 1206 2143 colligere
1226 2067 1362 2139 juvaret,

208 2173 414 2228 memoratum
437 2181 510 2224 esse
535 2165 567 2225 id
589 2166 743 2225 nobilium
765 2167 925 2226 hominurn
949 2183 1068 2243 genus,
1093 2167 1176 2242 quod
1198 2171 1279 2229 miro
1294 2189 1362 2230 cunr

210 2269 314 2330 studio
338 2269 456 2327 coleret
479 2269 549 2328 loca
572 2284 660 2328 secra
681 2268 796 2328 lunoni
827 2269 1020 2344 equestri
1054 2269 1222 2346 eidemque
1248 2288 1360 2350 rega-

210 2375 264 2434 lis
289 2355 457 2448 potestatis
487 2371 624 2440 auctori,
656 2371 779 2432 acriore
808 2388 882 2432 cura
911 2373 1105 2447 exploranda
1134 2380 1182 2434 est
1211 2375 1361 2436 librorum

210 2477 266 2538 illa
294 2473 460 2533 memoria:
497 2474 651 2548 plurimus
686 2473 880 2534 in'Junonis
907 2475 1130 2535 honorem.“
1188 2476 1286 2546 Quam
1310 2480 1363 2553 qui

209 2593 309 2654 nuper
333 2575 364 2635 in
388 2577 468 2637 hane
492 2575 681 2636 sententiam
705 2576 893 2651 explicavit:
919 2577 972 2651 qui
997 2577 1028 2636 in
1051 2578 1183 2638 lunonis
1208 2580 1361 2639 honoram

208 2679 374 2740 maxime
397 2677 584 2738 intentus
609 2683 685 2745 est,
718 2680 820 2754 Argos
844 2679 990 2748 laudat“,
1021 2698 1078 2739 suo
1111 2698 1198 2740 more
1227 2683 1361 2758 optarit,

209 2801 269 2842 non
299 2780 421 2851 docuit,
453 2779 506 2853 qui
537 2785 640 2839 autem
670 2781 732 2840 hoc
762 2781 854 2840 modo
886 2781 1100 2841 immutarunt:
1140 2783 1293 2858 plurimus
1330 2784 1361 2844 in

207 2884 339 2945 lunonis
371 2883 552 2949 ·honore“,
591 2882 824 2957 Cuninghamus
855 2888 885 2942 et
917 2881 1159 2958 Oudendorpius
1183 2901 1224 2944 ne
1248 2903 1357 2946 eorum

209 2985 335 3061 quidem
360 2985 509 3052 locorum,
532 2982 707 3058 dequibus
731 3001 825 3059 supra
838 2985 891 3043 XV
915 3003 944 3060 p.
961 2987 993 3044 31
1024 2985 1172 3056 diximus,
1197 2989 1359 3050 mentione

209 3089 290 3149 lacta
312 3087 417 3147 levius
439 3084 640 3160 quaesivisse
664 3085 743 3146 vitio
769 3087 979 3147 velamentum
1002 3087 1167 3156 videntur,
1197 3087 1270 3148 sive
1293 3107 1358 3151 rem

207 3190 346 3250 divinam
370 3189 419 3247 vis
444 3188 582 3264 intelligi
605 3184 653 3268 (ut
678 3187 734 3248 Sil.
749 3188 823 3247 Vlll.
839 3189 902 3250 432.
926 3188 1008 3248 inter
1031 3191 1137 3250 Latios
1161 3194 1272 3253 Annae
1297 3199 1358 3252 stet

206 3308 321 3354 numen
356 3292 544 3351 honores.
594 3289 656 3355 Vll,
691 3291 766 3350 184:
809 3291 925 3351 Vestae
963 3291 1122 3366 decerpsit
1158 3293 1359 3354 honorem.

205 3395 310 3455 Barth.
334 3391 408 3452 Stat.
433 3394 529 3453 Theb.
552 3392 687 3452 [ΗΜ
720 3393 855 3470 p.1295.
890 3395 984 3454 Drak.
1008 3392 1062 3452 Sil.
1090 3392 1149 3453 Vll.
1175 3397 1213 3455 90
1252 3415 1282 3471 p.
1300 3399 1359 3456 343

207 3497 243 3556 ci.
267 3496 357 3572 Valg.
388 3515 417 3570 p.
438 3493 574 3578 avesq.)
613 3495 683 3554 sive
715 3495 924 3555 reverentiam
962 3493 1050 3577 (Stet.
1075 3497 1171 3555 Theb.
1195 3497 1258 3556 llll.
1283 3499 1358 3560 299:

207 3601 235 3659 si
251 3599 322 3673 quis
340 3597 394 3657 Est
418 3597 495 3657 lun
507 3597 595 3656 onis
619 3597 756 3656 honos,
779 3597 1015 3657 Val.Flacc.lV.
1030 3600 1085 3657 Tb:
1109 3614 1222 3673 magno
1239 3600 1360 3662 Phoebi

208 3704 381 3761 commotus
410 3699 572 3757 honore.
609 3696 677 3758 ltin.
701 3700 790 3759 Alex.
816 3699 855 3757 42
893 3718 922 3775 p.
938 3701 995 3758 26:
1031 3700 1124 3775 pauci
1155 3699 1186 3759 in
1214 3686 1386 3762 Herculis¹

160 3799 162 3803 ’
210 3802 328 3877 templo
365 3798 483 3875 reperti
520 3799 671 3860 bonore
705 3800 881 3860 numinis
917 3801 1121 3876 sospitantur.
1171 3802 1358 3864 brivaten

207 3903 290 3964 Gest.
316 3902 405 3962 Alex.
421 3902 442 3962 l.
463 3902 502 3962 69
526 3920 555 3976 p.
571 3902 626 3960 84:
655 3902 747 3962 condi
772 3904 895 3963 Thebas
919 3917 993 3962 esse
1017 3901 1206 3977 permissum
1229 3904 1268 3964 in
1290 3906 1357 3965 ho-

206 4019 302 4066 nore
325 4004 417 4064 trium
440 4002 602 4064 deorum.“
633 4002 721 4080 Valg.
746 4023 775 4084 p.
801 4005 860 4066 380
886 4003 995 4087 sqq.).„
1033 4007 1135 4076 Quare
1165 4021 1204 4065 eo
1230 4005 1357 4066 inclinat

205 4105 373 4178 judicium,
412 4112 446 4165 ut
475 4104 620 4166 librarios
653 4106 833 4167 existimem
862 4108 1060 4168 assuefactos
1089 4126 1150 4168 usu
1179 4125 1292 4168 vocum
1320 4107 1356 4166 in

207 4209 416 4277 honorem,
440 4208 480 4268 in
505 4208 664 4268 honore
688 4208 791 4290 (Valg.
815 4228 844 4285 p.
871 4211 929 4270 379
954 4207 1033 4292 sq),
1065 4209 1120 4284 qui
1149 4209 1266 4269 nimius
1290 4225 1356 4268 eru·
1422 4253 1428 4260 .

209 4310 328 4387 pisset,
358 4311 439 4372 ultro
464 4309 534 4384 ipsa
557 4309 613 4369 illa
636 4312 790 4385 pravitate
819 4314 928 4394 (quam
952 4313 1049 4374 etiam
1078 4311 1176 4373 Silius
1208 4316 1355 4388 expertus
