3030 4984
223 536 366 608 Benllejo
391 538 515 613 polius,
540 503 633 613 qriem
655 533 1024 609 sequunturblieinekius
1049 542 1080 594 et
1095 534 1264 612 Hauptius‚
1288 555 1378 612 quam

224 640 275 698 cui
304 640 544 714 Peerlkampius
575 637 777 713 suffragatur,
814 636 931 696 Acroni
962 636 1032 695 sive
1055 636 1257 697 Scholiastae
1289 640 1379 714 Cruq.

224 737 295 822 (qui
318 739 410 812 hujus
435 739 556 800 ordinis
580 756 707 800 suasor:
732 735 866 798 Proeliis
889 736 991 796 audax
1016 754 1121 812 neque
1145 745 1177 797 te
1192 739 1310 809 silebo,
1333 742 1380 800 Li·

223 845 308 902 ber“
338 845 441 918 ipsum
471 851 615 916 poetam,
645 858 707 900 non
737 839 883 900 Liberum
915 838 1032 898 iecisse
1063 841 1198 914 proeliis
1229 841 1379 902 audacem

224 945 402 1005 censendus
426 945 488 1028 est)
514 942 751 1005 assentiendum
776 956 848 1000 esse
872 940 984 1000 videor
1007 942 1191 1002 confirmare
1215 944 1381 1005 Claudiani

116 1039 120 1048 '
224 1048 295 1107 loco
319 1048 418 1107 hocce
442 1047 475 1108 R.
499 1048 583 1108 Pros.
607 1045 642 1106 ΙΙ.
668 1045 722 1103 20:
745 1041 925 1117 Utraque
949 1043 1066 1120 virgo
1092 1050 1199 1104 ruunt:
1223 1046 1305 1104 haec
1329 1047 1381 1105 tri-

226 1150 327 1209 stibus
357 1165 506 1224 aspera
531 1148 686 1219 bellis„
709 1145 796 1206 Haec
825 1145 1044 1204 metuenda
1080 1146 1218 1206 ieris.“
1271 1146 1336 1207 Sed
1365 1166 1383 1208 a

226 1268 288 1327 quo
319 1253 445 1312 nomine
472 1254 552 1312 haec
581 1252 679 1310 verba
708 1255 794 1308 recte
826 1249 970 1324 separari
997 1247 1191 1319 judicamus,
1222 1249 1383 1327 idipsum
1492 1277 1493 1306 t

226 1353 306 1412 vitio
336 1361 441 1414 natum
470 1369 543 1412 esse
566 1354 600 1411 Ο.
622 1352 753 1412 iahnius
776 1349 879 1410 Herm.
895 1350 947 1424 ill.
977 1369 1006 1425 p.
1027 1351 1085 1412 184
1112 1350 1247 1411 affirmat
1276 1369 1384 1413 assen-

226 1456 421 1528 tienternque
451 1457 546 1515 habet
576 1453 833 1529 Heynemannum
865 1451 905 1510 de
935 1451 1083 1527 interpol.
1116 1471 1145 1527 p.
1166 1453 1211 1512 19.
1230 1455 1280 1514 ts.
1326 1454 1384 1525 Qui

228 1557 442 1633 praescriptae
472 1557 669 1618 auctoritatis
698 1555 808 1615 favore
836 1559 925 1612 tanto
949 1552 1089 1625 ducitur,
1125 1561 1158 1614 ut
1183 1573 1239 1629 pro
1262 1557 1384 1617 lunone

225 1658 287 1728 jam
320 1677 381 1718 nou
413 1661 542 1728 nubem,
573 1658 630 1717 sed
659 1659 752 1717 nubis
782 1656 983 1716 simulacrum
1012 1656 1128 1716 loveat.
1188 1656 1271 1728 Quid
1302 1661 1384 1720 enim

228 1760 315 1826 aliud
342 1761 382 1819 de
411 1777 450 1820 eo
480 1762 598 1829 dicam,
628 1761 682 1834 qui
714 1759 865 1828 „Dianae
894 1758 995 1817 rarius
1026 1759 1183 1832 quoddam
1207 1762 1385 1836 epitheton,
1493 1747 1494 1794 ³

228 1864 312 1940 quod
336 1879 393 1938 per
415 1878 451 1922 se
475 1877 602 1938 quoque
625 1860 808 1928 desideres,
842 1861 899 1920 sub
930 1866 1076 1935 corrupta
1100 1876 1196 1931 voce,
1231 1874 1385 1937 quaeest

228 1968 365 2034 Liber,
389 1965 608 2025 delitescere“
643 1963 756 2022 labnio
781 1961 917 2021 credidit
941 1977 999 2022 nec
1023 1965 1142 2022 tantum
1166 1965 1321 2038 profecit,
1352 1974 1384 2025 nt

229 2072 300 2144 ipse
326 2067 412 2126 istud
435 2068 535 2126 rarius
559 2066 745 2125 vocabulum
775 2064 986 2139 investigaret
1016 2065 1310 2142 investigatumque
1340 2065 1385 2150 (id

230 2171 431 2246 quodetiam
455 2168 618 2228 difficilius
642 2164 878 2249 videturesse)
902 2172 977 2242 apte
1001 2168 1189 2237 collocaret,
1213 2176 1268 2228 aut
1283 2170 1385 2246 ipsum

230 2273 404 2348 Cypriae
430 2269 567 2352 (Patron.
592 2269 664 2328 blut.
688 2269 778 2344 Reip.
803 2269 888 2328 Rom.
913 2266 990 2351 266)
1024 2285 1137 2329 nomen
1160 2273 1386 2344 praestabilius

229 2376 351 2435 Dianae
380 2373 569 2450 cognomine
599 2373 737 2431 duceret.
789 2369 878 2440 Quod
907 2377 1012 2431 autem
1042 2373 1239 2447 „epitheton
1272 2391 1329 2449 per
1351 2392 1386 2434 se

230 2477 406 2537 desiderari
416 2485 434 2510 “
459 2477 519 2543 ait,
544 2474 575 2532 id
600 2473 702 2548 ipsum
726 2471 903 2532 mirabilius
928 2479 992 2542 ost,
1028 2490 1120 2547 quam
1151 2476 1236 2548 quod
1261 2477 1386 2553 quidam

232 2580 439 2649 „deBaccho
464 2577 516 2637 hic
541 2576 620 2636 nihil
644 2575 815 2649 quidquam
838 2575 930 2633 dici“
954 2591 1050 2651 aegre
1074 2579 1213 2637 tulerunt
1237 2594 1297 2638 nec
1322 2580 1384 2638 ani-

231 2683 465 2741 madverterunt
494 2679 622 2754 „paulo
646 2683 719 2751 post
742 2676 823 2735 nihil
847 2693 976 2750 prorsus
1000 2676 1040 2734 de
1063 2678 1176 2736 Alcide
1200 2680 1388 2753 praedicari,

231 2785 345 2844 nudum
383 2781 597 2842 tantummodo
634 2795 748 2839 nomen
780 2779 884 2854 poni“
918 2778 1033 2856 (Bentl.
1064 2799 1091 2840 v.
1116 2778 1180 2864 21).
1239 2783 1389 2858 idemque
1495 2841 1496 2848 ,

233 2887 317 2961 quod
347 2904 375 2961 p.
394 2888 431 2945 19
462 2884 586 2942 scribit:
623 2888 755 2958 apparet
786 2896 952 2955 perperam
986 2882 1069 2941 hunc
1099 2883 1200 2942 locum
1231 2886 1387 2946 abibero
1495 2869 1496 2894 ¹

233 2989 387 3056 obtineri,
417 3003 509 3062 quem
541 2992 636 3062 poeta
659 2985 687 3044 si
710 2984 834 3044 adferre
859 2983 1031 3053 voluisset,
1063 3002 1132 3044 cum
1156 2987 1311 3047 heroibus
1335 3007 1388 3063 po-

233 3093 297 3152 tius
321 3090 432 3151 Alcida
454 3089 706 3165 l'yndaridisque
739 3103 778 3148 ex
809 3102 866 3144 sua
887 3086 1118 3146 consuetudine
1142 3099 1390 3166 congregaturus

233 3195 375 3261 literal“‚
406 3198 438 3250 et
462 3193 676 3250 immemorem
698 3204 734 3246 se
758 3189 862 3264 arguit
885 3187 1028 3258 ejusdem
1050 3189 1204 3261 Bentleii,
1228 3194 1284 3266 qui
1309 3210 1390 3264 „ne-

234 3295 349 3354 minem
373 3294 540 3352 memorari
562 3299 688 3369 praeter
702 3292 781 3350 love
804 3288 960 3366 genitos“
985 3290 1094 3351 docuit
1115 3309 1143 3350 r.
1160 3293 1198 3351 19
1225 3300 1256 3352 et
1279 3295 1391 3370 „ipsos

236 3414 309 3466 cos,
342 3395 395 3471 qni
419 3395 511 3456 loude
534 3395 728 3456 fortitudinis
761 3393 896 3452 bellicae
928 3393 1133 3453 claruerunt“
1165 3391 1267 3475 (Ouw.
1292 3397 1390 3458 Noctt.

234 3499 311 3576 Hag.
329 3499 412 3559 lita
442 3518 470 3574 p.
490 3495 583 3580 359),
614 3504 646 3556 et
677 3498 819 3573 ignorum
849 3492 918 3564 ejus
948 3495 1099 3565 rationis,
1129 3513 1190 3571 qua
1219 3506 1318 3573 poeta
1340 3500 1391 3560 ad-

234 3602 345 3661 ductus
371 3602 494 3661 videtur
517 3615 606 3669 esse,
630 3605 663 3658 ut
687 3599 817 3658 duorum
832 3599 962 3657 heroum
978 3597 1140 3658 mentione
1155 3600 1392 3677 defungeretur,

156 3713 159 3720 '
235 3711 269 3764 ut
294 3704 441 3773 tv.5,3t
460 3719 505 3775 sq.
535 3700 728 3775 tlt.3,9sq.
759 3700 933 3760 cl.Calli1n.
956 3701 1028 3759 Lav¹
1053 3701 1127 3760 Pall.
1154 3703 1211 3772 30,
1245 3703 1391 3763 Liberum

235 3814 339 3867 autem
369 3811 464 3879 atque
493 3805 674 3879 Apollinem
705 3804 756 3877 (cl.
779 3801 927 3880 LXXXV)
960 3803 1072 3862 eodem
1103 3803 1215 3863 ordine
1246 3807 1392 3867 haberet:

236 3910 368 3970 alterum
392 3909 474 3966 enim
498 3907 588 3991 licuit
612 3907 686 3966 dare
710 3907 834 3967 loturae
858 3905 1011 3965 victoriae
1030 3923 1235 3980 sponsorem,
1259 3908 1393 3968 alterum
1495 3961 1496 3980 ,

237 4021 345 4088 portae
375 4017 507 4082 testem3
547 4025 680 4084 namque
718 4009 943 4078 „Phoebum
980 4013 1093 4068 certa
1130 4010 1287 4084 sagitta
1316 4027 1390 4070 me-
1495 4043 1496 4048 κ

236 4113 449 4173 tuendnm“
481 4113 564 4185 apud
587 4112 711 4171 Actium
736 4109 870 4186 Augusti
900 4112 1011 4168 hostes
1043 4117 1194 4186 expertos
1227 4128 1300 4171 esse
1325 4129 1393 4189 per-

237 4218 346 4275 hibent
371 4213 416 4296 (id
442 4214 525 4288 quod
548 4214 781 4273 Wernsdorfius
804 4213 877 4273 Ere.
901 4211 940 4269 tv
964 4211 1004 4270 ad
1026 4212 1114 4288 Eleg.
1138 4213 1170 4272 in
1191 4215 1273 4272 Obit.
1297 4215 1393 4276 Maec.

240 4321 284 4385 55,
304 4337 331 4392 p.
351 4320 410 4379 503
434 4319 465 4377 t.
483 4315 532 4376 ill.
556 4316 680 4387 docuit,
704 4334 762 4376 nos
787 4324 818 4376 et
842 4331 937 4391 supra
959 4314 1051 4375 LXlll
1075 4334 1105 4390 p.
1122 4317 1179 4378 tet
1206 4319 1393 4393 perstrinxi-
