3030 4984
630 345 631 348 ‘
739 295 802 418 tsi

532 443 545 482 e

191 528 225 582 ut
250 524 389 591 Cretam,
410 538 491 596 quae
515 540 596 583 nunc
619 520 808 591 Idomeneo,
833 537 914 580 nunc
937 517 1080 578 Meriana
1103 517 1174 578 cive
1198 524 1347 580 censetur

197 622 325 703 (Meurs.
352 626 432 684 Cret.
456 624 540 684 llll
575 643 605 700 p.
625 624 684 683 140
705 640 750 698 sq.
782 622 871 682 Ovid.
895 620 1058 680 ltetltttt.
1080 619 1173 704 358),
1202 639 1239 682 ac
1261 621 1346 682 Sala-

193 727 306 787 minem
330 729 450 787 Teucro
476 728 640 803 inclytam,
665 733 696 785 et
712 721 936 786 'continentem
958 730 1090 794 terram,
1114 724 1145 783 in
1168 725 1348 799 quamedia

192 829 254 888 sita
281 829 405 889 luerunt
436 846 533 905 regna
563 828 617 887 illa
640 827 785 888 Stheneli
816 834 847 886 et
869 825 1045 888 Diomedis.
1091 826 1219 886 Omnem
1242 834 1346 886 autem

193 929 346 991 Graeciae
377 931 606 1008 longitudinem
638 938 771 1007 apparet
800 928 986 1006 planissime
1015 928 1142 988 definiri
1165 928 1345 990 nominibus

191 1034 317 1092 lthaoae
347 1039 378 1092 et
403 1035 533 1102 Cretae,
563 1032 631 1108 l’yli
655 1037 686 1091 et
708 1032 895 1100 Salaminis,
925 1032 1078 1108 Argorum
1109 1030 1345 1105 Troezeuisque

192 1141 223 1193 et
248 1135 391 1211 Opuntia,
444 1135 544 1206 Quid,
574 1134 659 1211 quod
687 1150 727 1194 ne
757 1132 836 1194 illud
865 1131 993 1207 quidem
1023 1132 1179 1208 suspicari
1208 1132 1346 1192 alienum

191 1243 256 1296 est:
281 1253 369 1307 eum,
393 1254 487 1313 quem
511 1239 685 1306 cernimus,
709 1253 727 1295 a
752 1237 889 1296 Romano
913 1241 1010 1309 poeta
1032 1235 1173 1296 habitum
1197 1250 1271 1293 esse
1291 1235 1343 1293 de·

190 1339 321 1408 lectum,
347 1340 431 1414 qarod
455 1356 556 1399 rerum
579 1339 788 1399 Romanarum
811 1336 984 1396 memoriae
1014 1335 1227 1408 adjunctiones
1251 1337 1343 1396 duoe-

190 1448 296 1500 tantur
318 1442 452 1517 primum
477 1442 517 1512 u,
542 1440 596 1516 qu
620 1441 653 1500 m
676 1439 818 1500 statuam
839 1436 955 1522 (wass.
969 1422 1061 1500 niae.
1079 1439 1125 1498 tv.
1150 1458 1180 1515 p.
1198 1439 1269 1508 aaa,
1289 1439 1343 1512 ar)

191 1550 221 1602 et
250 1544 372 1603 ltaliam
402 1545 603 1604 concessisse
642 1543 863 1619 perhibentur,
899 1531 1059 1601 Meriones
1096 1537 1199 1621 (cujus
1228 1541 1343 1601 honori

189 1645 323 1704 fortasse
348 1646 409 1704 enit
433 1646 487 1720 qui
510 1645 619 1706 dedita
642 1661 739 1721 opera
761 1661 780 1704 a
802 1643 1010 1720 Bacchylide,
1040 1642 1140 1704 Siculi
1169 1643 1255 1719 regis
1286 1644 1342 1702 ho-

189 1747 289 1821 spite,
319 1748 497 1807 consultum
519 1747 620 1808 luisse
643 1745 827 1830 arbitretur)
851 1753 899 1815 et,
931 1747 985 1820 qui
1016 1746 1192 1806 Philocteta
1223 1752 1254 1805 et
1276 1745 1342 1804 ldo-

188 1864 318 1918 meneo,
343 1848 424 1924 ipsis
449 1849 625 1910 italicarum
648 1851 771 1909 urbium
796 1849 1029 1919 conditoribus,
1053 1849 1207 1910 illustrior
1227 1848 1341 1908 merito

188 1969 257 2026 oum
286 1950 378 2020 aliis,
409 1958 443 2011 ut
472 1952 596 2012 Avieno
619 1953 657 2013 D.
673 1953 707 2012 O.
724 1954 803 2022 ono,
833 1958 897 2011 tum
919 1951 1081 2012 Venusino
1113 1957 1229 2027 poetae
1254 1950 1341 2012 visus

189 2060 253 2123 est,
276 2054 468 2127 Diomedes,
493 2054 610 2114 deinde
635 2055 675 2125 ii,
699 2073 831 2131 quorum
853 2054 936 2114 sarua
956 2054 1069 2114 insulis
1083 2055 1186 2130 Cypro
1203 2060 1234 2113 ct
1250 2054 1342 2114 Creta

187 2174 206 2216 a
229 2157 347 2217 Catone
372 2163 402 2215 et
417 2156 546 2218 Metello
568 2158 706 2232 receptis
730 2159 945 2234 redintegrata
959 2155 1197 2227 increbruisset,
1220 2157 1341 2216 Teucer

187 2266 235 2329 et,
272 2275 366 2334 quem
401 2261 494 2321 modo
529 2261 683 2331 diximus,
720 2259 897 2332 Meriones3
935 2268 1096 2336 postremo
1127 2260 1180 2335 qui
1210 2262 1342 2319 Aeneae

187 2361 278 2436 equis
304 2378 460 2437 curruque
484 2358 537 2444 (ol.
559 2362 631 2422 lior.
657 2382 684 2421 v.
701 2365 741 2425 25
761 2364 824 2441 sq.)
847 2363 968 2438 politus
991 2379 1063 2422 esse
1088 2369 1252 2438 poetarum
1276 2379 1339 2422 oar-

185 2464 321 2524 miuibus
344 2464 493 2534 terretur,
516 2462 709 2526 Sthenelus?

271 2581 493 2654 Adlicieudum
522 2583 591 2655 his,
623 2585 707 2660 quod
738 2585 793 2660 qui
823 2584 890 2654 „ed
913 2598 1037 2645 carmen
1068 2586 1130 2645 hoc
1152 2584 1338 2660 respexisse

186 2684 414 2755 Quintilianum
436 2687 484 2745 lll.
501 2688 531 2756 t,
550 2688 614 2749 19“
644 2689 706 2759 ait,
730 2687 998 2748 Mitscherliohius
1027 2705 1054 2763 p.
1074 2687 1131 2746 ld?
1156 2687 1338 2762 praeteriit:

186 2803 225 2848 ex
250 2803 288 2848 ea
311 2793 400 2862 parte
425 2785 468 2870 (v.
492 2790 562 2868 28),
597 2805 679 2865 quae
703 2787 849 2850 Stheneli
878 2788 1105 2864 llleriouaeque
1129 2794 1160 2849 et
1173 2789 1339 2862 Diomedis

186 2890 378 2951 mentionem
401 2892 513 2960 habet,
537 2893 697 2966 repetisse
721 2893 801 2952 haec
825 2894 1000 2954 Ausonium
1022 2893 1168 2969 Epitaph.
1193 2892 1264 2952 Her,
1282 2890 1339 2951 Vl:

185 2993 374 3068 genitore
396 2995 479 3054 bono
504 2995 649 3055 melior
670 2994 883 3066 Diomedes‘⁴,
907 2994 1041 3065 Statium
1060 3002 1182 3066 autem,
1207 2995 1239 3056 id
1253 2995 1338 3070 quod

185 3113 246 3154 nou
271 3096 351 3171 fugit
373 3095 533 3156 Barthium
557 3115 586 3173 p.
605 3099 703 3170 toto,
726 3100 806 3159 haec
829 3099 943 3161 Achill.
959 3099 980 3158 l.
997 3100 1074 3159 tus:
1097 3115 1338 3175 quamquam-

185 3199 323 3259 famam
358 3197 446 3260 avidi
476 3201 630 3262 virtute
660 3208 866 3279 paternam
894 3202 1071 3277 Tydides
1103 3201 1337 3276 Sthenelusque

186 3308 399 3376 premant.“
445 3300 549 3372 Quid?
576 3304 670 3374 illud,
695 3307 779 3379 quod
805 3325 831 3364 v.
856 3306 894 3365 21
920 3322 965 3379 sq.
989 3307 1178 3366 auctoritate
1201 3306 1338 3366 maxime

185 3400 321 3473 Bentleji
344 3404 563 3478 Meinekiique
594 3413 625 3465 et
648 3405 778 3481 llauptii
798 3406 861 3477 jam
885 3407 978 3467 alteri
1007 3407 1071 3478 illi,
1102 3408 1186 3482 quod
1209 3407 1337 3468 codices

186 3506 353 3581 praebent:
376 3523 482 3575 nuru,
507 3506 698 3582 praevaluit:

355 3643 412 3704 lon
435 3642 697 3714 Laertiaden,
723 3645 890 3705 exilium
914 3650 1005 3705 tuae

356 3744 492 3813 Genti,
516 3763 573 3808 non
595 3745 748 3822 Pylium
770 3747 944 3808 Nestora
964 3745 1169 3825 respicis?

185 3895 289 3940 nonne
314 3880 384 3955 ipsa
407 3881 525 3940 Lucani
556 3883 793 3957 comparatione
817 3883 893 3945 Vlll.
919 3883 994 3943 tlt:
1031 3885 1125 3960 quin
1158 3886 1336 3962 respicis

186 3984 291 4042 orbem
317 3979 540 4043 Romanum?“
564 3983 653 4062 argui
676 3985 802 4046 videtur
825 4002 863 4046 eo
880 3985 952 4046 vitii
975 4003 1093 4064 genere
1117 3988 1272 4060 affectum,
1296 3990 1336 4049 de

186 4103 247 4161 quo
272 4085 283 4144 l
306 4083 370 4146 dici
393 4092 540 4162 coeptum
565 4083 637 4147 est?
683 4086 739 4148 His
763 4095 889 4149 aulem:

357 4204 428 4277 tluln
451 4207 716 4278 Laertiaden,
741 4208 912 4270 exitium
936 4215 1033 4270 tuae

358 4309 494 4380 Genti,
517 4308 586 4390 quin
608 4310 762 4386 Pylium
785 4310 956 4372 Nestora
979 4310 1186 4394 respicis?
