3052 4996
256 530 440 591 utonmino
464 529 579 589 lateret
601 530 682 589 henc
705 547 724 590 a
746 537 844 606 poeta
867 545 940 590 esse
964 537 1180 607 expromptam
1205 549 1263 594 sen
1265 536 1434 596 tentiam:
1495 550 1496 576 ³

255 634 427 695 Discams
452 631 551 709 ipsis,
576 630 1014 714 quipperatelragili(
1018 634 1114 694 Carm.
1132 636 1152 693 l.
1171 637 1200 705 3,
1220 637 1258 697 ld
1284 644 1317 696 et
1343 638 1432 698 Seu.

256 737 335 798 Med
362 731 1432 817 302)‚lignograeili(smt811v1112,80.tenursen

258 840 322 902 l.d.
349 839 424 918 306)
457 837 489 898 id
513 845 560 897 est
584 838 674 897 alno
704 835 881 919 (Claudiam
905 838 939 897 R
963 837 1047 897 Pros.
1073 838 1093 896 Ι
1117 839 1217 900 Prael.
1244 842 1270 901 3.
1308 843 1430 903 Barth
1499 838 1500 850 ³

257 943 333 1005 Stat.
357 942 454 1001 Theb.
478 938 527 998 lll.
552 940 591 999 23
614 957 643 1014 p.
661 940 730 1000 612.
760 941 856 1001 Drak.
880 940 936 1001 Sil.
960 940 1025 999 llll.
1050 941 1109 1002 521
1135 960 1164 1017 p.
1179 941 1258 1026 622)
1280 946 1335 1004 vel
1365 962 1430 1006 ex-

256 1053 357 1106 terum
379 1058 465 1103 mare
489 1041 574 1122 (San.
598 1041 665 1101 Nat.
690 1040 746 1111 Qu.
762 1042 811 1101 lV.
829 1045 864 1102 2:
896 1060 976 1103 nunc
999 1059 1075 1103 vero
1099 1049 1166 1104 tota
1189 1048 1292 1106 exteri
1317 1049 1429 1108 maris

257 1166 313 1210 ora
339 1151 544 1206 mercatorum
573 1143 707 1204 navibus
737 1143 946 1226 stringitur“)
982 1151 1030 1205 ter
1065 1151 1096 1204 et
1134 1153 1245 1221 quater
1282 1149 1428 1226 impune

259 1267 417 1313 revisens:

1487 164 1492 278 r

1490 280 1494 456 t

1493 436 1499 686 l

683 1349 837 1426 quippe
860 1355 923 1408 ter
946 1354 986 1408 et
1010 1355 1155 1424 quater

470 1451 540 1512 llrro
564 1448 752 1510 revisens
775 1467 925 1526 aequor
946 1451 1196 1511 Atlanticum

508 1552 677 1628 Impune

256 1681 370 1738 Contra
393 1678 489 1748 etque
512 1672 543 1731 in
567 1671 722 1730 hocloco
746 1670 830 1746 apud
854 1671 1059 1732 Claudianum
1082 1674 1117 1731 B.
1142 1673 1222 1733 Gild.
1248 1676 1285 1735 st
1297 1695 1303 1733 :
1334 1677 1420 1737 Pen-

256 1781 363 1840 sabnm
390 1775 536 1837 Pharium
566 1771 709 1834 Gaetulis
742 1773 901 1833 messibus
931 1784 1108 1862 annum‘(
1135 1782 1270 1836 erratum
1301 1785 1351 1838 est
1382 1780 1420 1839 in

255 1883 359 1943 Petav.
384 1899 446 1958 pr:
470 1875 614 1937 Phariam
637 1909 677 1918 —
701 1875 819 1935 alnum
842 1867 1118 1938 cf.Burm.Lucan',
1139 1879 1269 1939 111136
1294 1899 1322 1956 p.
1339 1883 1416 1942 663.

775 2077 889 2174 XVll.

337 2257 385 2317 De
410 2254 552 2327 ejusdem
575 2252 722 2313 carminis
745 2268 842 2311 versu
867 2252 920 2311 12:

746 2373 860 2432 dives
885 2379 924 2432 et
949 2375 1088 2434 aurcis

551 2475 750 2536 Mercator
772 2475 958 2535 exsiccet
982 2478 1155 2538 culullis

608 2578 714 2639 Vina
737 2578 836 2653 Syra
855 2583 992 2658 reparato
1013 2595 1148 2640 merce

256 2721 350 2781 quum
366 2702 591 2778 interpretibus
607 2702 705 2760 multa
718 2699 838 2759 molitis
853 2716 963 2775 parum
977 2700 1174 2760 successisse
1195 2701 1412 2762 intellexisset

254 2806 495 2881 Peerlkampius
527 2809 714 2879 exprompta
751 2805 810 2862 bac
844 2800 1040 2873 conjectura:
1077 2802 1159 2863 Vina
1186 2802 1265 2878 Syra
1294 2820 1411 2880 repa-

254 2908 377 2969 randa
410 2915 545 2965 merce“
580 2911 685 2964 tamen
722 2906 783 2963 hoc
812 2905 888 2963 lecit
922 2904 1091 2976 judicium:
1130 2907 1238 2966 verius
1274 2908 1412 2967 arbitror

253 3011 429 3078 hominem,
465 3026 558 3083 quum
591 3012 720 3083 propter
747 3011 881 3065 metrum
910 3025 972 3068 non
1003 3009 1144 3084 potuerit
1172 3010 1312 3069 scribere
1343 3027 1411 3085 pa-

254 3119 357 3183 rata,
381 3112 550 3188 scripsisse
574 3114 797 3186 reparata.“
844 3111 1082 3185 Assensumque
1106 3111 1233 3172 omniuo
1261 3114 1412 3188 praebuit

253 3215 452 3286 Meinelrius3
477 3219 638 3288 quatenus,
655 3212 796 3271 mutandi
810 3213 899 3273 verbi
923 3219 1114 3290 reparata
1137 3215 1193 3274 ille
1215 3220 1325 3275 auctor
1339 3233 1410 3275 sua-

254 3326 372 3394 sorque
397 3316 520 3386 extitit,
543 3315 696 3376 Lebrsius
719 3333 749 3390 p.
763 3316 837 3375 LVI.
882 3315 979 3386 Quasi
1002 3332 1079 3376 vero
1100 3318 1219 3377 mentio
1236 3317 1311 3376 vina
1330 3317 1412 3393 Syra

150 3475 154 3482 .
255 3437 358 3482 merce
384 3418 671 3480 commutantis
706 3415 769 3500 (sic
799 3419 882 3480 enim
906 3417 992 3490 ajunt
1014 3420 1119 3480 Acron
1142 3426 1173 3479 et
1195 3419 1410 3504 Porphyrion)

254 3525 287 3585 id
311 3529 360 3583 est
382 3522 591 3582 venumdatae
614 3522 727 3581 mercis
752 3527 826 3598 apte
850 3527 1003 3597 congruat
1022 3539 1090 3582 cum
1105 3521 1322 3598 descriptione
1339 3521 1409 3595 ejus

254 3627 456 3704 opulentiae,
482 3624 532 3684 cui
556 3640 682 3700 semper
704 3623 883 3696 adjunctum
905 3624 1007 3683 fuisse
1031 3631 1154 3684 constat
1177 3632 1410 3702 unguentorum

252 3747 343 3791 usum
381 3728 504 3790 lllitsch.
542 3727 640 3788 Germ.
664 3726 699 3787 ll.
740 3728 853 3796 11,16
891 3745 920 3802 p.
946 3728 1005 3787 457
1037 3734 1069 3787 et
1097 3727 1146 3786 ΙΙΙ.
1174 3729 1201 3797 1,
1225 3729 1264 3787 44
1302 3747 1333 3803 p.
1361 3730 1407 3789 18.
1499 3737 1500 3770 3

253 3833 355 3907 Quare
384 3830 573 3891 manendum
602 3829 661 3889 fuit
692 3829 726 3889 in
754 3828 890 3901 Bentleii
914 3829 1122 3900 auctoritate,
1156 3831 1268 3891 vitium
1291 3837 1407 3900 autem,

253 3936 338 4014 quod
368 3935 424 3995 ille
454 3951 515 3994 non
548 3931 727 4008 indagavit,
759 3932 940 4010 indagatum
969 3934 1095 4010 quidam
1123 3935 1185 3994 hoc
1215 3940 1406 3995 commento:

252 4039 457 4116 piperata,
480 4037 652 4097 Withofius
675 4036 751 4096 hoc:
787 4037 971 4111 pretiata
1008 4038 1171 4113 expellere
1200 4038 1315 4097 frustra
1343 4043 1405 4096 stu-

253 4142 337 4211 duit,
361 4142 408 4200 sic
431 4140 622 4209 tollendum,
651 4145 685 4198 ut
708 4140 836 4199 verbum
866 4144 1056 4216 reparata
1086 4140 1126 4199 ad
1148 4139 1314 4215 pristinam
1336 4155 1404 4214 spe-

253 4244 334 4304 ciem
365 4249 569 4303 revocaretur
597 4245 735 4304 hancce:
766 4249 953 4317 preparata
982 4239 1045 4323 (sic
1075 4242 1158 4302 enim
1188 4243 1403 4318 consignatum

252 4352 303 4406 est
328 4347 357 4405 in
383 4345 527 4406 omnibus
551 4343 725 4430 Reposiani
749 4344 838 4404 libris
854 4344 931 4404 Ven.
958 4350 988 4402 et
1011 4345 1097 4404 Mart.
1122 4346 1257 4405 Concub.
1283 4363 1310 4403 v.
1327 4345 1401 4403 181:
