3052 4996
801 415 843 484 54

842 606 919 648 non
943 601 1016 663 ego
1040 601 1259 662 pauperum

396 690 572 767 Sanguis
596 697 824 766 parentum,
848 708 922 750 uon
948 704 1038 765 ego,
1063 706 1270 767 quaerentem

456 793 496 854 lle
518 791 618 872 plebe,
642 793 825 862 Maecenas,
851 792 955 852 obibo.

245 895 285 956 Ut
309 893 458 955 similiter
480 894 604 955 dicatur
628 894 776 956 Horatius
800 911 818 954 a
841 893 1025 955 Maecenate
1048 894 1160 969 plebi
1185 899 1398 969 exemptus

248 1014 321 1058 esse
346 1003 443 1071 atque
467 995 497 1054 in
521 996 637 1072 Paneg.
661 997 722 1056 Pis.
747 997 824 1056 238:
854 996 1021 1057 Maecenas
1037 995 1235 1056 -Evexit
1257 994 1399 1065 Varium,

247 1099 412 1158 Maecenas
450 1097 514 1158 alta
542 1099 682 1158 tonantis
717 1099 832 1158 Eruit
865 1106 896 1158 et
926 1098 1053 1174 populis
1091 1097 1230 1157 ostendit
1262 1099 1400 1159 carmina

246 1202 357 1260 vatis“
389 1199 426 1258 cl.
450 1199 612 1260 Claudian.
642 1199 689 1259 Pr.
721 1200 752 1260 C.
784 1199 852 1259 Stil.
880 1199 913 1258 ll.
940 1201 1015 1260 121:
1050 1218 1113 1259 non
1151 1201 1264 1268 ,obruta
1297 1199 1399 1261 virtus

246 1304 434 1378 Paupertate
459 1303 550 1362 latet:
573 1303 673 1363 lectos
698 1319 737 1363 ex
761 1302 907 1363 omnibus
931 1301 996 1361 oris
1014 1301 1164 1362 Evelris
1188 1303 1399 1374 elipantum,

247 1423 308 1466 non
334 1418 415 1478 quae
438 1405 609 1473 cunabula,
634 1405 791 1478 quaeris.“
840 1404 916 1465 Add.
936 1404 1020 1480 Virg.
1046 1405 1123 1464 Aen.
1141 1403 1189 1463 Vl.
1213 1405 1291 1464 750:
1315 1403 1400 1466 llos-

246 1507 420 1566 Letbaenm
439 1505 477 1565 ad
497 1507 626 1565 lluvinm
648 1506 727 1565 deus
751 1513 906 1567 evocat.
941 1507 1044 1566 Bnrmr.
1057 1505 1151 1566 Anth.
1164 1507 1229 1566 Lat.
1242 1505 1279 1565 ll.
1292 1509 1366 1577 228,
1382 1509 1399 1566 3
1500 1581 1510 1599 ἱ

247 1624 277 1680 p.
302 1607 378 1666 417:
401 1605 451 1665 Me
474 1609 584 1683 procul
609 1625 628 1666 a
650 1609 743 1667 vobis
767 1608 847 1667 deus
872 1613 1022 1667 evocat.
1054 1605 1400 1670 sit.V11.5ot:Evo-

248 1714 309 1768 cat
340 1723 357 1766 e
388 1708 520 1782 liquidis
550 1710 673 1784 piscem
708 1711 927 1786 penetralibus
957 1720 1064 1770 esca.“
1108 1710 1176 1770 Val.
1201 1711 1280 1772 Max.
1298 1712 1400 1774 lll.'l.

249 1811 357 1870 extl:
381 1810 419 1868 ad
443 1827 585 1870 somnum
609 1820 641 1872 et
664 1813 794 1890 vigilias
817 1813 1021 1872 evocavit.
1045 1812 1095 1871 Vl.
1117 1815 1145 1871 l:
1172 1814 1255 1876 unde
1278 1823 1320 1885 te,
1344 1817 1400 1878 l'u-

248 1910 367 1981 dicitia‚
392 1911 571 1972 invocem.
595 1914 681 1988 Lips.
706 1931 881 1974 evocem.
913 1915 1023 1976 Brand.
1055 1916 1124 1976 cod.
1152 1934 1300 1980 vocem.
1356 1922 1402 1980 Ac

248 2013 392 2090 congruit
415 2014 493 2073 illud
514 2015 564 2074 Ill.
588 2016 636 2086 30,
659 2017 711 2075 12:
742 2033 788 2077 ex
810 2017 958 2077 humili
982 2023 1160 2092 potens“
1190 2019 1228 2078 el.
1254 2021 1400 2083 Ouwens.

248 2116 349 2174 Noctt.
372 2115 449 2193 Hag.
471 2118 560 2176 llll
601 2137 631 2194 p.
656 2120 716 2178 380
747 2137 792 2194 sq.
836 2117 942 2202 (quem
978 2121 1097 2180 rectius
1136 2121 1272 2191 sentire,
1309 2141 1402 2198 quam

248 2216 418 2293 Hauptium
440 2219 621 2279 arbitratum
633 2221 776 2280 Daunum
799 2221 862 2280 dici
887 2238 933 2280 ex
955 2221 1101 2281 humili
1124 2230 1332 2295 potentem
1355 2227 1402 2287 in-

247 2320 294 2378 fra
306 2318 400 2378 XLVI
415 2319 607 2406 apparebit).

758 2455 896 2549 XXlll.

332 2611 363 2669 ln
395 2611 528 2670 eundem
565 2627 727 2671 numerum
763 2612 872 2671 dubito
901 2630 940 2672 an
971 2613 1156 2674 referendus
1193 2617 1235 2676 sit
1265 2619 1354 2679 loeus
1377 2620 1399 2678 1.

250 2713 301 2780 37,
326 2715 360 2772 9:

502 2815 701 2879 dcntnmlnntc
727 2833 809 2876 cum
831 2835 957 2896 grege
980 2821 1156 2893 turpium

504 2918 600 2982 Morbo
623 2921 749 2983 rlrorun
773 2921 983 2994 quidlibet
1006 2923 1208 2998 impotens

548 3021 723 3098 Spernre
745 3023 996 3099 fortunaque
1018 3024 1127 3083 dulci

633 3125 761 3185 Ebria.

250 3228 418 3299 Postquam
441 3224 523 3284 enirn
548 3227 604 3285 alii
628 3227 692 3288 alia
714 3225 946 3297 conjectorum,
970 3222 1146 3294 Bentlejus:
1171 3224 1308 3298 turpium
1325 3227 1399 3303 Op-

250 3328 527 3404 probriorum‚
559 3329 685 3402 quidam
708 3327 841 3389 Morbo
865 3327 1054 3402 Syrorum
1084 3326 1136 3383 vel
1167 3327 1263 3386 orbo
1289 3328 1400 3389 viro·

250 3447 347 3498 rum,
370 3428 556 3491 Hauthalius
571 3430 646 3489 Mus.
662 3431 762 3491 Rhen.
777 3430 855 3489 XIV.
887 3446 917 3505 p.
935 3429 995 3490 629
1019 3428 1056 3486 cl.
1081 3427 1113 3488 in
1136 3433 1249 3496 Acron.
1280 3449 1311 3506 p.
1328 3433 1398 3501 142,

252 3535 290 3593 15
313 3539 377 3593 not..
404 3535 500 3593 tabo
524 3534 673 3603 virorum,
697 3534 869 3593 Linkerus:
892 3531 1042 3606 turpium,
1064 3535 1174 3593 morbo
1196 3533 1400 3594 iurentum
1512 3539 1513 3554 *

251 3634 407 3709 quidlibet
429 3667 470 3678 -
494 3643 663 3709 sperare“,
697 3634 847 3693 Lebrsius
876 3649 906 3708 p.
929 3631 1038 3692 Llllll:
1069 3634 1198 3695 audax
1225 3635 1277 3693 vel
1307 3654 1399 3711 pro-

251 3754 320 3796 cax
351 3737 488 3795 virorum
518 3733 615 3817 (quae
647 3743 677 3796 et
708 3737 779 3811 ipse
801 3735 1011 3811 proximarum
1036 3751 1164 3796 vocum:
1195 3737 1400 3811 quidlibet

250 3840 450 3914 impotens
474 3853 645 3913 sperare
677 3837 914 3912 comparatione
944 3838 1099 3899 confutari
1128 3837 1276 3898 videntur
1305 3845 1338 3899 et
1361 3841 1399 3901 ab

251 3958 290 4001 eo
306 3942 389 4016 ipso,
413 3941 467 4014 qui
491 3941 695 4018 excogitavit,
719 3938 857 4010 Bentleii
881 3941 1008 4017 incepto
1032 3939 1215 4014 posthabita
1243 3947 1314 4000 sunt
1337 3943 1356 4000 l.
1371 3943 1398 4001 d.

252 4051 282 4102 et
305 4063 334 4118 p.
360 4045 415 4121 39)
438 4059 542 4118 neque
566 4043 604 4103 ad
628 4042 698 4103 veri
722 4042 1005 4120 investigationem
1028 4041 1107 4102 satis
1130 4041 1343 4116 proiecerunt,
1367 4043 1400 4105 in

250 4145 344 4204 aliam
368 4152 488 4220 partem
512 4147 638 4206 videtur
661 4146 866 4222 spectandum
892 4161 965 4205 esse
981 4161 1018 4204 aa
1032 4143 1255 4218 quaerendum.
1290 4147 1398 4206 Consi-

250 4246 373 4305 deranti
398 4249 664 4310 autemduoilla:
689 4249 964 4309 contaminato
989 4252 1020 4305 et
1043 4247 1178 4306 rnorbo
1203 4247 1399 4322 turpium,

252 4361 333 4420 quae
361 4355 433 4406 sunt
463 4349 623 4411 simillima
654 4356 687 4410 et
716 4349 852 4410 maxime
880 4347 1023 4424 gemina,
1056 4348 1210 4408 succurrit
1230 4349 1320 4408 locus
1343 4350 1398 4409 ille
