<?xml version="1.0" encoding="UTF-8"?>
<!DOCTYPE html PUBLIC "-//W3C//DTD XHTML 1.0 Transitional//EN"
    "http://www.w3.org/TR/xhtml1/DTD/xhtml1-transitional.dtd">
<html xmlns="http://www.w3.org/1999/xhtml" xml:lang="en" lang="en">
 <head>
  <title>
</title>
<meta http-equiv="Content-Type" content="text/html;charset=utf-8" />
  <meta name='ocr-system' content='tesseract 3.04.00' />
  <meta name='ocr-capabilities' content='ocr_page ocr_carea ocr_par ocr_line ocrx_word'/>
</head>
<body>
  <div class='ocr_page' id='page_1' title='image "./emendationeshor01ungegoog_0183.png"; bbox 0 0 3030 4984; ppageno 0'>
   <div class='ocr_carea' id='block_1_1' title="bbox 770 322 833 393">
    <p class='ocr_par' dir='ltr' id='par_1_1' title="bbox 770 322 833 393">
     <span class='ocr_line' id='line_1_1' title="bbox 770 322 833 393; baseline -0.048 -1"><span class='ocrx_word' id='word_1_1' title='bbox 770 322 833 393; x_wconf 74' lang='lat'><strong>174</strong></span> 
     </span>
    </p>
   </div>
   <div class='ocr_carea' id='block_1_2' title="bbox 141 491 1448 4353">
    <p class='ocr_par' dir='ltr' id='par_1_2' title="bbox 223 491 1448 1700">
     <span class='ocr_line' id='line_1_2' title="bbox 223 491 1378 576; baseline -0.013 -12"><span class='ocrx_word' id='word_1_2' title='bbox 223 511 256 564; x_wconf 88' lang='lat' dir='ltr'><strong>et</strong></span> <span class='ocrx_word' id='word_1_3' title='bbox 291 499 444 576; x_wconf 86' lang='lat' dir='ltr'><strong>quidquid</strong></span> <span class='ocrx_word' id='word_1_4' title='bbox 477 497 603 558; x_wconf 87' lang='lat' dir='ltr'><strong>decoris</strong></span> <span class='ocrx_word' id='word_1_5' title='bbox 638 495 696 554; x_wconf 89' lang='lat' dir='ltr'><strong>luit</strong></span> <span class='ocrx_word' id='word_1_6' title='bbox 736 501 767 552; x_wconf 88' lang='lat' dir='ltr'><strong>ct</strong></span> <span class='ocrx_word' id='word_1_7' title='bbox 801 496 832 554; x_wconf 93' lang='lat' dir='ltr'><strong>in</strong></span> <span class='ocrx_word' id='word_1_8' title='bbox 865 493 955 555; x_wconf 85' lang='lat' dir='ltr'><strong>lovis</strong></span> <span class='ocrx_word' id='word_1_9' title='bbox 987 491 1081 560; x_wconf 88' lang='lat' dir='ltr'><strong>filiis,</strong></span> <span class='ocrx_word' id='word_1_10' title='bbox 1123 509 1202 565; x_wconf 85' lang='lat' dir='ltr'><strong>qnos</strong></span> <span class='ocrx_word' id='word_1_11' title='bbox 1239 493 1378 552; x_wconf 89' lang='lat' dir='ltr'><strong>humano</strong></span> 
     </span>
     <span class='ocr_line' id='line_1_3' title="bbox 223 593 1378 682; baseline -0.012 -18"><span class='ocrx_word' id='word_1_12' title='bbox 223 603 335 682; x_wconf 80' lang='lat' dir='ltr'>generi</span> <span class='ocrx_word' id='word_1_13' title='bbox 366 601 566 662; x_wconf 78' lang='lat' dir='ltr'><strong>benefecisse</strong></span> <span class='ocrx_word' id='word_1_14' title='bbox 596 598 720 657; x_wconf 86' lang='lat' dir='ltr'><strong>labnlae</strong></span> <span class='ocrx_word' id='word_1_15' title='bbox 751 598 870 663; x_wconf 85' lang='lat' dir='ltr'><strong>lerunt,</strong></span> <span class='ocrx_word' id='word_1_16' title='bbox 901 595 986 653; x_wconf 88' lang='lat' dir='ltr'><strong>etin</strong></span> <span class='ocrx_word' id='word_1_17' title='bbox 1018 593 1059 652; x_wconf 86' lang='lat' dir='ltr'><strong>iis</strong></span> <span class='ocrx_word' id='word_1_18' title='bbox 1084 594 1178 663; x_wconf 78' lang='lat' dir='ltr'><strong>viriS,</strong></span> <span class='ocrx_word' id='word_1_19' title='bbox 1208 610 1267 668; x_wconf 90' lang='lat' dir='ltr'><strong>per</strong></span> <span class='ocrx_word' id='word_1_20' title='bbox 1297 610 1378 667; x_wconf 89' lang='lat' dir='ltr'><strong>quos</strong></span> 
     </span>
     <span class='ocr_line' id='line_1_4' title="bbox 224 696 1377 780; baseline -0.013 -14"><span class='ocrx_word' id='word_1_21' title='bbox 224 716 379 780; x_wconf 78' lang='lat' dir='ltr'><strong>lanmnarn</strong></span> <span class='ocrx_word' id='word_1_22' title='bbox 404 702 597 761; x_wconf 85' lang='lat' dir='ltr'><strong>certissimas</strong></span> <span class='ocrx_word' id='word_1_23' title='bbox 623 713 716 758; x_wconf 87' lang='lat' dir='ltr'><strong>verae</strong></span> <span class='ocrx_word' id='word_1_24' title='bbox 742 697 867 756; x_wconf 84' lang='lat' dir='ltr'><strong>virtutis</strong></span> <span class='ocrx_word' id='word_1_25' title='bbox 893 697 1018 772; x_wconf 81' lang='lat' dir='ltr'><strong>elfigics</strong></span> <span class='ocrx_word' id='word_1_26' title='bbox 1043 712 1107 754; x_wconf 90' lang='lat' dir='ltr'><strong>rern</strong></span> <span class='ocrx_word' id='word_1_27' title='bbox 1123 696 1295 755; x_wconf 75' lang='lat' dir='ltr'><strong>Romanam</strong></span> <span class='ocrx_word' id='word_1_28' title='bbox 1312 710 1377 754; x_wconf 90' lang='lat' dir='ltr'><strong>cre-</strong></span> 
     </span>
     <span class='ocr_line' id='line_1_5' title="bbox 225 797 1376 876; baseline -0.011 -10"><span class='ocrx_word' id='word_1_29' title='bbox 225 810 312 869; x_wconf 86' lang='lat' dir='ltr'><strong>visse</strong></span> <span class='ocrx_word' id='word_1_30' title='bbox 337 813 367 865; x_wconf 92' lang='lat' dir='ltr'><strong>et</strong></span> <span class='ocrx_word' id='word_1_31' title='bbox 390 804 572 865; x_wconf 79' lang='lat' dir='ltr'><strong>adolevisse</strong></span> <span class='ocrx_word' id='word_1_32' title='bbox 597 817 696 860; x_wconf 91' lang='lat' dir='ltr'><strong>rernm</strong></span> <span class='ocrx_word' id='word_1_33' title='bbox 720 807 878 876; x_wconf 83' lang='lat' dir='ltr'><strong>gestarum</strong></span> <span class='ocrx_word' id='word_1_34' title='bbox 903 798 1237 874; x_wconf 24' lang='lat' dir='ltr'><strong>memorialprodilnrn</strong></span> <span class='ocrx_word' id='word_1_35' title='bbox 1262 802 1321 864; x_wconf 88' lang='lat' dir='ltr'><strong>est,</strong></span> <span class='ocrx_word' id='word_1_36' title='bbox 1347 797 1376 854; x_wconf 90' lang='lat' dir='ltr'><strong>id</strong></span> 
     </span>
     <span class='ocr_line' id='line_1_6' title="bbox 225 900 1377 981; baseline -0.014 -10"><span class='ocrx_word' id='word_1_37' title='bbox 225 911 323 970; x_wconf 86' lang='lat' dir='ltr'><strong>eluxit</strong></span> <span class='ocrx_word' id='word_1_38' title='bbox 359 909 388 966; x_wconf 94' lang='lat' dir='ltr'><strong>in</strong></span> <span class='ocrx_word' id='word_1_39' title='bbox 420 923 558 981; x_wconf 85' lang='lat' dir='ltr'><strong>magno</strong></span> <span class='ocrx_word' id='word_1_40' title='bbox 589 905 785 970; x_wconf 63' lang='lat' dir='ltr'><strong>Caesare,</strong></span> <span class='ocrx_word' id='word_1_41' title='bbox 818 903 872 976; x_wconf 82' lang='lat' dir='ltr'><strong>nni</strong></span> <span class='ocrx_word' id='word_1_42' title='bbox 896 919 957 960; x_wconf 89' lang='lat' dir='ltr'><strong>nno</strong></span> <span class='ocrx_word' id='word_1_43' title='bbox 981 901 1079 959; x_wconf 82' lang='lat' dir='ltr'><strong>Jove</strong></span> <span class='ocrx_word' id='word_1_44' title='bbox 1104 900 1231 958; x_wconf 92' lang='lat' dir='ltr'><strong>rninor</strong></span> <span class='ocrx_word' id='word_1_45' title='bbox 1253 900 1377 958; x_wconf 86' lang='lat' dir='ltr'><strong>consul-</strong></span> 
     </span>
     <span class='ocr_line' id='line_1_7' title="bbox 226 1002 1377 1078; baseline -0.012 -5"><span class='ocrx_word' id='word_1_46' title='bbox 226 1015 288 1073; x_wconf 83' lang='lat' dir='ltr'><strong>tius</strong></span> <span class='ocrx_word' id='word_1_47' title='bbox 312 1012 350 1070; x_wconf 88' lang='lat' dir='ltr'><strong>ab</strong></span> <span class='ocrx_word' id='word_1_48' title='bbox 373 1009 502 1070; x_wconf 88' lang='lat' dir='ltr'><strong>Horatio</strong></span> <span class='ocrx_word' id='word_1_49' title='bbox 526 1007 657 1074; x_wconf 86' lang='lat' dir='ltr'><strong>dicitnr,</strong></span> <span class='ocrx_word' id='word_1_50' title='bbox 693 1021 784 1078; x_wconf 88' lang='lat' dir='ltr'><strong>qnam</strong></span> <span class='ocrx_word' id='word_1_51' title='bbox 808 1022 825 1064; x_wconf 88' lang='lat' dir='ltr'><strong>a</strong></span> <span class='ocrx_word' id='word_1_52' title='bbox 849 1005 971 1064; x_wconf 82' lang='lat' dir='ltr'><strong>Seneca</strong></span> <span class='ocrx_word' id='word_1_53' title='bbox 993 1003 1084 1060; x_wconf 88' lang='lat' dir='ltr'><strong>Herc.</strong></span> <span class='ocrx_word' id='word_1_54' title='bbox 1110 1003 1176 1061; x_wconf 86' lang='lat' dir='ltr'><strong>Oet.</strong></span> <span class='ocrx_word' id='word_1_55' title='bbox 1203 1002 1282 1060; x_wconf 73' lang='lat'>1881</span> <span class='ocrx_word' id='word_1_56' title='bbox 1313 1003 1377 1061; x_wconf 85' lang='lat' dir='ltr'><strong>Al-</strong></span> 
     </span>
     <span class='ocr_line' id='line_1_8' title="bbox 226 1104 1376 1180; baseline -0.01 -6"><span class='ocrx_word' id='word_1_57' title='bbox 226 1115 342 1175; x_wconf 88' lang='lat' dir='ltr'><strong>cides</strong></span> <span class='ocrx_word' id='word_1_58' title='bbox 367 1129 439 1170; x_wconf 94' lang='lat' dir='ltr'><strong>non</strong></span> <span class='ocrx_word' id='word_1_59' title='bbox 465 1108 565 1168; x_wconf 89' lang='lat' dir='ltr'><strong>minor</strong></span> <span class='ocrx_word' id='word_1_60' title='bbox 588 1109 658 1180; x_wconf 86' lang='lat' dir='ltr'><strong>ipso</strong></span> <span class='ocrx_word' id='word_1_61' title='bbox 685 1139 724 1148; x_wconf 85' lang='lat'><strong>—-</strong></span> <span class='ocrx_word' id='word_1_62' title='bbox 748 1108 955 1164; x_wconf 87' lang='lat' dir='ltr'><strong>Tonante“</strong></span> <span class='ocrx_word' id='word_1_63' title='bbox 979 1110 1010 1162; x_wconf 91' lang='lat' dir='ltr'><strong>et</strong></span> <span class='ocrx_word' id='word_1_64' title='bbox 1036 1105 1134 1164; x_wconf 77' lang='lat'>1995:</span> <span class='ocrx_word' id='word_1_65' title='bbox 1163 1104 1289 1163; x_wconf 84' lang='lat' dir='ltr'><strong>Fortius</strong></span> <span class='ocrx_word' id='word_1_66' title='bbox 1307 1104 1376 1176; x_wconf 88' lang='lat' dir='ltr'><strong>ipso</strong></span> 
     </span>
     <span class='ocr_line' id='line_1_9' title="bbox 225 1203 1376 1293; baseline -0.012 -17"><span class='ocrx_word' id='word_1_67' title='bbox 225 1217 371 1293; x_wconf 86' lang='lat' dir='ltr'><strong>genitore</strong></span> <span class='ocrx_word' id='word_1_68' title='bbox 394 1220 448 1272; x_wconf 89' lang='lat' dir='ltr'><strong>tno</strong></span> <span class='ocrx_word' id='word_1_69' title='bbox 472 1208 649 1268; x_wconf 86' lang='lat' dir='ltr'><strong>Fnlrnina</strong></span> <span class='ocrx_word' id='word_1_70' title='bbox 674 1208 838 1267; x_wconf 83' lang='lat' dir='ltr'><strong>nritles“</strong></span> <span class='ocrx_word' id='word_1_71' title='bbox 863 1203 915 1288; x_wconf 87' lang='lat' dir='ltr'><strong>(cl.</strong></span> <span class='ocrx_word' id='word_1_72' title='bbox 939 1207 1011 1266; x_wconf 88' lang='lat' dir='ltr'><strong>llor.</strong></span> <span class='ocrx_word' id='word_1_73' title='bbox 1038 1225 1064 1265; x_wconf 91' lang='lat' dir='ltr'><strong>v.</strong></span> <span class='ocrx_word' id='word_1_74' title='bbox 1091 1204 1154 1288; x_wconf 82' lang='lat'>59).</span> <span class='ocrx_word' id='word_1_75' title='bbox 1207 1206 1245 1264; x_wconf 86' lang='lat' dir='ltr'><strong>Et.</strong></span> <span class='ocrx_word' id='word_1_76' title='bbox 1268 1206 1376 1264; x_wconf 86' lang='lat' dir='ltr'><strong>hercle</strong></span> 
     </span>
     <span class='ocr_line' id='line_1_10' title="bbox 225 1306 1378 1396; baseline -0.013 -18"><span class='ocrx_word' id='word_1_77' title='bbox 225 1313 479 1396; x_wconf 89' lang='lat' dir='ltr'><strong>praeclarissimo</strong></span> <span class='ocrx_word' id='word_1_78' title='bbox 509 1312 536 1372; x_wconf 90' lang='lat' dir='ltr'><strong>is</strong></span> <span class='ocrx_word' id='word_1_79' title='bbox 567 1317 651 1369; x_wconf 89' lang='lat' dir='ltr'><strong>recte</strong></span> <span class='ocrx_word' id='word_1_80' title='bbox 682 1315 829 1368; x_wconf 85' lang='lat' dir='ltr'><strong>censetur</strong></span> <span class='ocrx_word' id='word_1_81' title='bbox 855 1307 963 1368; x_wconf 84' lang='lat' dir='ltr'><strong>&#39;ornari</strong></span> <span class='ocrx_word' id='word_1_82' title='bbox 994 1306 1133 1378; x_wconf 85' lang='lat' dir='ltr'><strong>judicio,</strong></span> <span class='ocrx_word' id='word_1_83' title='bbox 1173 1322 1267 1380; x_wconf 87' lang='lat' dir='ltr'><strong>quern</strong></span> <span class='ocrx_word' id='word_1_84' title='bbox 1297 1307 1378 1364; x_wconf 91' lang='lat' dir='ltr'><strong>nisi</strong></span> 
     </span>
     <span class='ocr_line' id='line_1_11' title="bbox 225 1409 1377 1495; baseline -0.012 -15"><span class='ocrx_word' id='word_1_85' title='bbox 225 1437 296 1495; x_wconf 90' lang='lat' dir='ltr'><strong>per</strong></span> <span class='ocrx_word' id='word_1_86' title='bbox 320 1418 479 1478; x_wconf 91' lang='lat' dir='ltr'><strong>nomina</strong></span> <span class='ocrx_word' id='word_1_87' title='bbox 501 1414 675 1488; x_wconf 83' lang='lat' dir='ltr'><strong>laudesque</strong></span> <span class='ocrx_word' id='word_1_88' title='bbox 698 1411 863 1470; x_wconf 88' lang='lat' dir='ltr'><strong>deornm</strong></span> <span class='ocrx_word' id='word_1_89' title='bbox 887 1411 1120 1483; x_wconf 81' lang='lat' dir='ltr'><strong>lreroumque</strong></span> <span class='ocrx_word' id='word_1_90' title='bbox 1138 1415 1169 1466; x_wconf 90' lang='lat' dir='ltr'><strong>et</strong></span> <span class='ocrx_word' id='word_1_91' title='bbox 1186 1409 1377 1468; x_wconf 90' lang='lat' dir='ltr'><strong>clarissi-</strong></span> 
     </span>
     <span class='ocr_line' id='line_1_12' title="bbox 226 1512 1448 1593; baseline -0.012 -11"><span class='ocrx_word' id='word_1_92' title='bbox 226 1524 273 1583; x_wconf 93' lang='lat' dir='ltr'><strong>mi</strong></span> <span class='ocrx_word' id='word_1_93' title='bbox 303 1519 499 1593; x_wconf 82' lang='lat' dir='ltr'><strong>cujusque</strong></span> <span class='ocrx_word' id='word_1_94' title='bbox 529 1516 610 1573; x_wconf 86' lang='lat' dir='ltr'><strong>viri</strong></span> <span class='ocrx_word' id='word_1_95' title='bbox 642 1512 769 1572; x_wconf 88' lang='lat' dir='ltr'><strong>eundo</strong></span> <span class='ocrx_word' id='word_1_96' title='bbox 800 1531 871 1571; x_wconf 94' lang='lat' dir='ltr'><strong>non</strong></span> <span class='ocrx_word' id='word_1_97' title='bbox 901 1512 1021 1587; x_wconf 83' lang='lat' dir='ltr'><strong>digne</strong></span> <span class='ocrx_word' id='word_1_98' title='bbox 1045 1512 1257 1570; x_wconf 89' lang='lat' dir='ltr'><strong>celebrare</strong></span> <span class='ocrx_word' id='word_1_99' title='bbox 1281 1527 1377 1585; x_wconf 89' lang='lat' dir='ltr'><strong>posse</strong></span> <span class='ocrx_word' id='word_1_100' title='bbox 1445 1539 1448 1544; x_wconf 37' lang='lat' dir='ltr'>v</span> 
     </span>
     <span class='ocr_line' id='line_1_13' title="bbox 225 1622 497 1700; baseline -0.029 -15"><span class='ocrx_word' id='word_1_101' title='bbox 225 1631 322 1700; x_wconf 87' lang='lat' dir='ltr'><strong>poeta</strong></span> <span class='ocrx_word' id='word_1_102' title='bbox 346 1622 497 1681; x_wconf 82' lang='lat' dir='ltr'><strong>videatur.</strong></span> 
     </span>
    </p>

    <p class='ocr_par' dir='ltr' id='par_1_3' title="bbox 141 1716 1380 4353">
     <span class='ocr_line' id='line_1_14' title="bbox 310 1716 1378 1797; baseline -0.007 -14"><span class='ocrx_word' id='word_1_103' title='bbox 310 1725 434 1797; x_wconf 89' lang='lat' dir='ltr'><strong>Optimo</strong></span> <span class='ocrx_word' id='word_1_104' title='bbox 462 1727 565 1781; x_wconf 75' lang='lat' dir='ltr'><strong>cirtem</strong></span> <span class='ocrx_word' id='word_1_105' title='bbox 590 1718 734 1777; x_wconf 91' lang='lat' dir='ltr'><strong>institnto</strong></span> <span class='ocrx_word' id='word_1_106' title='bbox 759 1716 923 1784; x_wconf 85' lang='lat' dir='ltr'><strong>Horatius,</strong></span> <span class='ocrx_word' id='word_1_107' title='bbox 948 1722 1113 1790; x_wconf 85' lang='lat' dir='ltr'><strong>postquam</strong></span> <span class='ocrx_word' id='word_1_108' title='bbox 1135 1716 1325 1777; x_wconf 87' lang='lat' dir='ltr'><strong>incunabula</strong></span> <span class='ocrx_word' id='word_1_109' title='bbox 1348 1723 1378 1775; x_wconf 92' lang='lat' dir='ltr'><strong>et</strong></span> 
     </span>
     <span class='ocr_line' id='line_1_15' title="bbox 225 1819 1377 1895; baseline -0.009 -7"><span class='ocrx_word' id='word_1_110' title='bbox 225 1830 418 1888; x_wconf 87' lang='lat' dir='ltr'><strong>incrementa</strong></span> <span class='ocrx_word' id='word_1_111' title='bbox 442 1823 565 1882; x_wconf 89' lang='lat' dir='ltr'><strong>virtutis</strong></span> <span class='ocrx_word' id='word_1_112' title='bbox 589 1821 711 1895; x_wconf 84' lang='lat' dir='ltr'><strong>attigit,</strong></span> <span class='ocrx_word' id='word_1_113' title='bbox 734 1819 832 1895; x_wconf 86' lang='lat' dir='ltr'><strong>gradu</strong></span> <span class='ocrx_word' id='word_1_114' title='bbox 856 1835 913 1891; x_wconf 91' lang='lat' dir='ltr'><strong>per</strong></span> <span class='ocrx_word' id='word_1_115' title='bbox 933 1819 1075 1878; x_wconf 85' lang='lat' dir='ltr'><strong>Marcelli</strong></span> <span class='ocrx_word' id='word_1_116' title='bbox 1100 1825 1132 1876; x_wconf 88' lang='lat' dir='ltr'><strong>et</strong></span> <span class='ocrx_word' id='word_1_117' title='bbox 1154 1819 1241 1888; x_wconf 89' lang='lat' dir='ltr'><strong>lulii,</strong></span> <span class='ocrx_word' id='word_1_118' title='bbox 1266 1837 1377 1895; x_wconf 83' lang='lat' dir='ltr'><strong>cogna-</strong></span> 
     </span>
     <span class='ocr_line' id='line_1_16' title="bbox 225 1921 1377 2003; baseline -0.01 -13"><span class='ocrx_word' id='word_1_119' title='bbox 225 1939 325 1990; x_wconf 85' lang='lat' dir='ltr'><strong>torum</strong></span> <span class='ocrx_word' id='word_1_120' title='bbox 356 1929 498 2003; x_wconf 81' lang='lat' dir='ltr'><strong>Augusto</strong></span> <span class='ocrx_word' id='word_1_121' title='bbox 527 1922 701 1989; x_wconf 88' lang='lat' dir='ltr'><strong>norninnm,</strong></span> <span class='ocrx_word' id='word_1_122' title='bbox 741 1921 851 1978; x_wconf 90' lang='lat' dir='ltr'><strong>lamarn</strong></span> <span class='ocrx_word' id='word_1_123' title='bbox 887 1921 970 1979; x_wconf 88' lang='lat' dir='ltr'><strong>lacto</strong></span> <span class='ocrx_word' id='word_1_124' title='bbox 1000 1921 1039 1980; x_wconf 92' lang='lat' dir='ltr'><strong>ad</strong></span> <span class='ocrx_word' id='word_1_125' title='bbox 1070 1938 1221 1981; x_wconf 88' lang='lat' dir='ltr'><strong>summurn</strong></span> <span class='ocrx_word' id='word_1_126' title='bbox 1256 1923 1377 1998; x_wconf 85' lang='lat' dir='ltr'><strong>gloriae</strong></span> 
     </span>
     <span class='ocr_line' id='line_1_17' title="bbox 224 2021 1377 2105; baseline -0.011 -13"><span class='ocrx_word' id='word_1_127' title='bbox 224 2033 380 2092; x_wconf 86' lang='lat' dir='ltr'><strong>cnmulurn</strong></span> <span class='ocrx_word' id='word_1_128' title='bbox 410 2027 573 2104; x_wconf 87' lang='lat' dir='ltr'><strong>pervenit,</strong></span> <span class='ocrx_word' id='word_1_129' title='bbox 602 2039 777 2098; x_wconf 83' lang='lat' dir='ltr'><strong>magnum</strong></span> <span class='ocrx_word' id='word_1_130' title='bbox 809 2024 1023 2082; x_wconf 80' lang='lat' dir='ltr'><strong>Caesarem</strong></span> <span class='ocrx_word' id='word_1_131' title='bbox 1054 2021 1206 2105; x_wconf 83' lang='lat' dir='ltr'><strong>(Bronkh.</strong></span> <span class='ocrx_word' id='word_1_132' title='bbox 1230 2025 1322 2099; x_wconf 85' lang='lat' dir='ltr'><strong>Prop.</strong></span> <span class='ocrx_word' id='word_1_133' title='bbox 1344 2024 1377 2082; x_wconf 94' lang='lat' dir='ltr'><strong>ll.</strong></span> 
     </span>
     <span class='ocr_line' id='line_1_18' title="bbox 228 2126 1376 2210; baseline -0.009 -16"><span class='ocrx_word' id='word_1_134' title='bbox 228 2137 255 2204; x_wconf 90' lang='lat'><strong>1,</strong></span> <span class='ocrx_word' id='word_1_135' title='bbox 271 2135 310 2192; x_wconf 80' lang='grc'><strong>26</strong></span> <span class='ocrx_word' id='word_1_136' title='bbox 335 2152 364 2207; x_wconf 87' lang='lat' dir='ltr'><strong>p.</strong></span> <span class='ocrx_word' id='word_1_137' title='bbox 381 2133 445 2210; x_wconf 79' lang='lat'><strong>02).</strong></span> <span class='ocrx_word' id='word_1_138' title='bbox 489 2128 528 2186; x_wconf 90' lang='lat' dir='ltr'><strong>Ut</strong></span> <span class='ocrx_word' id='word_1_139' title='bbox 551 2128 602 2185; x_wconf 88' lang='lat' dir='ltr'><strong>vel</strong></span> <span class='ocrx_word' id='word_1_140' title='bbox 627 2127 701 2185; x_wconf 89' lang='lat' dir='ltr'><strong>hinc</strong></span> <span class='ocrx_word' id='word_1_141' title='bbox 724 2132 894 2200; x_wconf 78' lang='lat' dir='ltr'><strong>appareat,</strong></span> <span class='ocrx_word' id='word_1_142' title='bbox 919 2126 950 2184; x_wconf 93' lang='lat' dir='ltr'><strong>in</strong></span> <span class='ocrx_word' id='word_1_143' title='bbox 975 2132 1092 2201; x_wconf 82' lang='lat' dir='ltr'><strong>quanto</strong></span> <span class='ocrx_word' id='word_1_144' title='bbox 1117 2143 1225 2186; x_wconf 88' lang='lat' dir='ltr'><strong>errore</strong></span> <span class='ocrx_word' id='word_1_145' title='bbox 1249 2142 1376 2186; x_wconf 87' lang='lat' dir='ltr'><strong>versen-</strong></span> 
     </span>
     <span class='ocr_line' id='line_1_19' title="bbox 225 2227 1377 2304; baseline -0.009 -8"><span class='ocrx_word' id='word_1_146' title='bbox 225 2246 274 2297; x_wconf 88' lang='lat' dir='ltr'><strong>tm·</strong></span> <span class='ocrx_word' id='word_1_147' title='bbox 303 2252 371 2293; x_wconf 88' lang='lat' dir='ltr'><strong>curn</strong></span> <span class='ocrx_word' id='word_1_148' title='bbox 402 2230 457 2292; x_wconf 89' lang='lat' dir='ltr'><strong>alii</strong></span> <span class='ocrx_word' id='word_1_149' title='bbox 488 2237 551 2288; x_wconf 90' lang='lat' dir='ltr'><strong>tmn</strong></span> <span class='ocrx_word' id='word_1_150' title='bbox 574 2227 843 2288; x_wconf 83' lang='lat' dir='ltr'><strong>Milsclrerlichius</strong></span> <span class='ocrx_word' id='word_1_151' title='bbox 867 2233 899 2286; x_wconf 92' lang='lat' dir='ltr'><strong>et</strong></span> <span class='ocrx_word' id='word_1_152' title='bbox 922 2227 1183 2303; x_wconf 84' lang='lat' dir='ltr'><strong>Heynemannus‚</strong></span> <span class='ocrx_word' id='word_1_153' title='bbox 1215 2230 1269 2303; x_wconf 89' lang='lat' dir='ltr'><strong>qui</strong></span> <span class='ocrx_word' id='word_1_154' title='bbox 1294 2247 1324 2304; x_wconf 92' lang='lat' dir='ltr'><strong>p.</strong></span> <span class='ocrx_word' id='word_1_155' title='bbox 1340 2229 1377 2286; x_wconf 83' lang='lat'><strong>23</strong></span> 
     </span>
     <span class='ocr_line' id='line_1_20' title="bbox 226 2329 1376 2411; baseline -0.009 -12"><span class='ocrx_word' id='word_1_156' title='bbox 226 2337 399 2411; x_wconf 85' lang='lat' dir='ltr'><strong>‚,lulium</strong></span> <span class='ocrx_word' id='word_1_157' title='bbox 423 2334 540 2393; x_wconf 88' lang='lat' dir='ltr'><strong>sidus</strong></span> <span class='ocrx_word' id='word_1_158' title='bbox 564 2331 714 2390; x_wconf 85' lang='lat' dir='ltr'><strong>translate</strong></span> <span class='ocrx_word' id='word_1_159' title='bbox 748 2329 887 2406; x_wconf 85' lang='lat' dir='ltr'><strong>gentis</strong></span> <span class='ocrx_word' id='word_1_160' title='bbox 916 2331 1052 2390; x_wconf 82' lang='lat' dir='ltr'><strong>iuliae</strong></span> <span class='ocrx_word' id='word_1_161' title='bbox 1076 2331 1249 2407; x_wconf 83' lang='lat' dir='ltr'><strong>gloriam</strong></span> <span class='ocrx_word' id='word_1_162' title='bbox 1280 2331 1376 2406; x_wconf 87' lang='lat' dir='ltr'><strong>signi·</strong></span> 
     </span>
     <span class='ocr_line' id='line_1_21' title="bbox 226 2431 1377 2514; baseline -0.009 -12"><span class='ocrx_word' id='word_1_163' title='bbox 226 2445 349 2504; x_wconf 82' lang='lat' dir='ltr'><strong>ficare“</strong></span> <span class='ocrx_word' id='word_1_164' title='bbox 386 2443 473 2514; x_wconf 88' lang='lat' dir='ltr'><strong>putet</strong></span> <span class='ocrx_word' id='word_1_165' title='bbox 502 2449 560 2494; x_wconf 89' lang='lat' dir='ltr'><strong>nec</strong></span> <span class='ocrx_word' id='word_1_166' title='bbox 590 2433 667 2491; x_wconf 88' lang='lat' dir='ltr'><strong>illud</strong></span> <span class='ocrx_word' id='word_1_167' title='bbox 700 2449 761 2492; x_wconf 90' lang='lat' dir='ltr'><strong>non</strong></span> <span class='ocrx_word' id='word_1_168' title='bbox 787 2431 938 2492; x_wconf 87' lang='lat' dir='ltr'><strong>concedat</strong></span> <span class='ocrx_word' id='word_1_169' title='bbox 969 2440 1151 2502; x_wconf 87' lang='lat' dir='ltr'><strong>„cometam</strong></span> <span class='ocrx_word' id='word_1_170' title='bbox 1176 2433 1263 2493; x_wconf 89' lang='lat' dir='ltr'><strong>illam</strong></span> <span class='ocrx_word' id='word_1_171' title='bbox 1286 2433 1377 2504; x_wconf 80' lang='lat' dir='ltr'><strong>liujus</strong></span> 
     </span>
     <span class='ocr_line' id='line_1_22' title="bbox 225 2534 1376 2610; baseline -0.009 -6"><span class='ocrx_word' id='word_1_172' title='bbox 225 2540 441 2604; x_wconf 73' lang='lat' dir='ltr'><strong>translationis</strong></span> <span class='ocrx_word' id='word_1_173' title='bbox 470 2553 576 2598; x_wconf 89' lang='lat' dir='ltr'><strong>ansam</strong></span> <span class='ocrx_word' id='word_1_174' title='bbox 608 2541 724 2610; x_wconf 87' lang='lat' dir='ltr'><strong>poetae</strong></span> <span class='ocrx_word' id='word_1_175' title='bbox 761 2534 947 2608; x_wconf 87' lang='lat' dir='ltr'><strong>praebuisse</strong></span> <span class='ocrx_word' id='word_1_176' title='bbox 979 2536 1113 2595; x_wconf 81' lang='lat' dir='ltr'><strong>rideri.“</strong></span> <span class='ocrx_word' id='word_1_177' title='bbox 1172 2535 1269 2606; x_wconf 82' lang='lat' dir='ltr'><strong>erasi</strong></span> <span class='ocrx_word' id='word_1_178' title='bbox 1304 2553 1376 2595; x_wconf 85' lang='lat' dir='ltr'><strong>vero</strong></span> 
     </span>
     <span class='ocr_line' id='line_1_23' title="bbox 227 2635 1377 2721; baseline -0.006 -17"><span class='ocrx_word' id='word_1_179' title='bbox 227 2648 390 2721; x_wconf 83' lang='lat' dir='ltr'><strong>eleganter</strong></span> <span class='ocrx_word' id='word_1_180' title='bbox 412 2641 525 2707; x_wconf 86' lang='lat' dir='ltr'><strong>saciat,</strong></span> <span class='ocrx_word' id='word_1_181' title='bbox 556 2637 609 2710; x_wconf 81' lang='lat' dir='ltr'><strong>qni</strong></span> <span class='ocrx_word' id='word_1_182' title='bbox 634 2639 714 2696; x_wconf 88' lang='lat' dir='ltr'><strong>lraec</strong></span> <span class='ocrx_word' id='word_1_183' title='bbox 737 2635 869 2695; x_wconf 89' lang='lat' dir='ltr'><strong>scribat:</strong></span> <span class='ocrx_word' id='word_1_184' title='bbox 893 2636 1028 2712; x_wconf 84' lang='lat' dir='ltr'><strong>gloria</strong></span> <span class='ocrx_word' id='word_1_185' title='bbox 1050 2637 1267 2697; x_wconf 88' lang='lat' dir='ltr'><strong>llnrcellornm</strong></span> <span class='ocrx_word' id='word_1_186' title='bbox 1293 2655 1377 2698; x_wconf 89' lang='lat' dir='ltr'><strong>cre-</strong></span> 
     </span>
     <span class='ocr_line' id='line_1_24' title="bbox 227 2739 1378 2816; baseline -0.006 -9"><span class='ocrx_word' id='word_1_187' title='bbox 227 2749 321 2816; x_wconf 87' lang='lat' dir='ltr'><strong>scit,</strong></span> <span class='ocrx_word' id='word_1_188' title='bbox 348 2746 433 2803; x_wconf 87' lang='lat' dir='ltr'><strong>velut</strong></span> <span class='ocrx_word' id='word_1_189' title='bbox 456 2743 564 2812; x_wconf 77' lang='lat' dir='ltr'><strong>arbor,</strong></span> <span class='ocrx_word' id='word_1_190' title='bbox 588 2739 725 2815; x_wconf 86' lang='lat' dir='ltr'><strong>gloria</strong></span> <span class='ocrx_word' id='word_1_191' title='bbox 748 2739 853 2814; x_wconf 84' lang='lat' dir='ltr'><strong>gentis</strong></span> <span class='ocrx_word' id='word_1_192' title='bbox 876 2739 978 2800; x_wconf 78' lang='lat' dir='ltr'><strong>tuliae</strong></span> <span class='ocrx_word' id='word_1_193' title='bbox 1000 2740 1140 2810; x_wconf 88' lang='lat' dir='ltr'><strong>micat,</strong></span> <span class='ocrx_word' id='word_1_194' title='bbox 1162 2742 1249 2800; x_wconf 86' lang='lat' dir='ltr'><strong>velat</strong></span> <span class='ocrx_word' id='word_1_195' title='bbox 1273 2742 1378 2809; x_wconf 88' lang='lat' dir='ltr'><strong>luna“,</strong></span> 
     </span>
     <span class='ocr_line' id='line_1_25' title="bbox 224 2842 1377 2919; baseline -0.009 -7"><span class='ocrx_word' id='word_1_196' title='bbox 224 2856 277 2911; x_wconf 88' lang='lat' dir='ltr'><strong>aut</strong></span> <span class='ocrx_word' id='word_1_197' title='bbox 308 2846 439 2907; x_wconf 88' lang='lat' dir='ltr'><strong>rationis</strong></span> <span class='ocrx_word' id='word_1_198' title='bbox 470 2845 511 2903; x_wconf 84' lang='lat' dir='ltr'><strong>sit</strong></span> <span class='ocrx_word' id='word_1_199' title='bbox 542 2844 572 2901; x_wconf 95' lang='lat' dir='ltr'><strong>in</strong></span> <span class='ocrx_word' id='word_1_200' title='bbox 604 2857 643 2900; x_wconf 89' lang='lat' dir='ltr'><strong>eo</strong></span> <span class='ocrx_word' id='word_1_201' title='bbox 674 2843 763 2909; x_wconf 89' lang='lat' dir='ltr'><strong>loco,</strong></span> <span class='ocrx_word' id='word_1_202' title='bbox 794 2842 848 2914; x_wconf 85' lang='lat' dir='ltr'><strong>qui</strong></span> <span class='ocrx_word' id='word_1_203' title='bbox 879 2842 999 2901; x_wconf 88' lang='lat' dir='ltr'><strong>lunae</strong></span> <span class='ocrx_word' id='word_1_204' title='bbox 1029 2843 1154 2919; x_wconf 75' lang='lat' dir='ltr'><strong>fulgore</strong></span> <span class='ocrx_word' id='word_1_205' title='bbox 1179 2843 1302 2903; x_wconf 87' lang='lat' dir='ltr'><strong>minora</strong></span> <span class='ocrx_word' id='word_1_206' title='bbox 1325 2844 1377 2902; x_wconf 90' lang='lat' dir='ltr'><strong>si-</strong></span> 
     </span>
     <span class='ocr_line' id='line_1_26' title="bbox 225 2945 1377 3019; baseline -0.008 -9"><span class='ocrx_word' id='word_1_207' title='bbox 225 2953 319 3010; x_wconf 85' lang='lat' dir='ltr'><strong>dera</strong></span> <span class='ocrx_word' id='word_1_208' title='bbox 344 2947 498 3007; x_wconf 87' lang='lat' dir='ltr'><strong>vincentis</strong></span> <span class='ocrx_word' id='word_1_209' title='bbox 522 2945 788 3019; x_wconf 76' lang='lat' dir='ltr'><strong>comparationem</strong></span> <span class='ocrx_word' id='word_1_210' title='bbox 811 2945 943 3012; x_wconf 81' lang='lat' dir='ltr'><strong>lrabeat,</strong></span> <span class='ocrx_word' id='word_1_211' title='bbox 975 2946 1155 3004; x_wconf 85' lang='lat' dir='ltr'><strong>translatum</strong></span> <span class='ocrx_word' id='word_1_212' title='bbox 1185 2961 1301 3004; x_wconf 88' lang='lat' dir='ltr'><strong>nomen</strong></span> <span class='ocrx_word' id='word_1_213' title='bbox 1324 2945 1377 3004; x_wconf 90' lang='lat' dir='ltr'><strong>si-</strong></span> 
     </span>
     <span class='ocr_line' id='line_1_27' title="bbox 226 3046 1377 3127; baseline -0.005 -15"><span class='ocrx_word' id='word_1_214' title='bbox 226 3055 295 3112; x_wconf 85' lang='lat' dir='ltr'><strong>dus</strong></span> <span class='ocrx_word' id='word_1_215' title='bbox 319 3052 415 3127; x_wconf 89' lang='lat' dir='ltr'><strong>poni,</strong></span> <span class='ocrx_word' id='word_1_216' title='bbox 448 3055 501 3108; x_wconf 78' lang='lat' dir='ltr'><strong>arri</strong></span> <span class='ocrx_word' id='word_1_217' title='bbox 525 3049 586 3106; x_wconf 87' lang='lat' dir='ltr'><strong>lroc</strong></span> <span class='ocrx_word' id='word_1_218' title='bbox 610 3047 721 3115; x_wconf 89' lang='lat' dir='ltr'><strong>lateat,</strong></span> <span class='ocrx_word' id='word_1_219' title='bbox 752 3046 835 3119; x_wconf 86' lang='lat' dir='ltr'><strong>quod</strong></span> <span class='ocrx_word' id='word_1_220' title='bbox 868 3048 1039 3106; x_wconf 83' lang='lat' dir='ltr'><strong>Onwensio</strong></span> <span class='ocrx_word' id='word_1_221' title='bbox 1064 3047 1162 3106; x_wconf 81' lang='lat' dir='ltr'><strong>Nocti.</strong></span> <span class='ocrx_word' id='word_1_222' title='bbox 1186 3047 1262 3124; x_wconf 79' lang='lat' dir='ltr'><strong>ling.</strong></span> <span class='ocrx_word' id='word_1_223' title='bbox 1288 3047 1377 3106; x_wconf 71' lang='lat' dir='ltr'><strong>illa</strong></span> 
     </span>
     <span class='ocr_line' id='line_1_28' title="bbox 225 3147 1378 3229; baseline -0.004 -18"><span class='ocrx_word' id='word_1_224' title='bbox 225 3173 254 3229; x_wconf 88' lang='lat' dir='ltr'><strong>p.</strong></span> <span class='ocrx_word' id='word_1_225' title='bbox 274 3155 332 3212; x_wconf 78' lang='grc'><strong>360</strong></span> <span class='ocrx_word' id='word_1_226' title='bbox 360 3152 586 3224; x_wconf 87' lang='lat' dir='ltr'><strong>incompertmn</strong></span> <span class='ocrx_word' id='word_1_227' title='bbox 611 3147 687 3216; x_wconf 83' lang='lat' dir='ltr'><strong>init,</strong></span> <span class='ocrx_word' id='word_1_228' title='bbox 711 3165 772 3206; x_wconf 94' lang='lat' dir='ltr'><strong>non</strong></span> <span class='ocrx_word' id='word_1_229' title='bbox 796 3149 902 3223; x_wconf 86' lang='lat' dir='ltr'><strong>gentis</strong></span> <span class='ocrx_word' id='word_1_230' title='bbox 928 3149 1061 3225; x_wconf 85' lang='lat' dir='ltr'><strong>gloriam</strong></span> <span class='ocrx_word' id='word_1_231' title='bbox 1084 3149 1189 3219; x_wconf 86' lang='lat' dir='ltr'><strong>sidus,</strong></span> <span class='ocrx_word' id='word_1_232' title='bbox 1214 3150 1271 3208; x_wconf 91' lang='lat' dir='ltr'><strong>sed</strong></span> <span class='ocrx_word' id='word_1_233' title='bbox 1290 3149 1378 3224; x_wconf 84' lang='lat' dir='ltr'><strong>ipsos</strong></span> 
     </span>
     <span class='ocr_line' id='line_1_29' title="bbox 141 3238 1378 3333; baseline -0.004 -17"><span class='ocrx_word' id='word_1_234' title='bbox 141 3238 144 3243; x_wconf 43' lang='grc'><strong>’</strong></span> <span class='ocrx_word' id='word_1_235' title='bbox 226 3259 395 3329; x_wconf 85' lang='lat' dir='ltr'><strong>„illustres</strong></span> <span class='ocrx_word' id='word_1_236' title='bbox 428 3252 541 3311; x_wconf 87' lang='lat' dir='ltr'><strong>viros“</strong></span> <span class='ocrx_word' id='word_1_237' title='bbox 571 3246 687 3332; x_wconf 79' lang='lat' dir='ltr'><strong>(Burin.</strong></span> <span class='ocrx_word' id='word_1_238' title='bbox 712 3251 871 3311; x_wconf 86' lang='lat' dir='ltr'><strong>Claudian.</strong></span> <span class='ocrx_word' id='word_1_239' title='bbox 897 3253 985 3312; x_wconf 90' lang='lat' dir='ltr'><strong>Prob.</strong></span> <span class='ocrx_word' id='word_1_240' title='bbox 1011 3258 1043 3310; x_wconf 91' lang='lat' dir='ltr'><strong>et</strong></span> <span class='ocrx_word' id='word_1_241' title='bbox 1067 3253 1247 3327; x_wconf 68' lang='lat' dir='ltr'><strong>Olybriaci</strong></span> <span class='ocrx_word' id='word_1_242' title='bbox 1281 3273 1310 3328; x_wconf 91' lang='lat' dir='ltr'><strong>p.</strong></span> <span class='ocrx_word' id='word_1_243' title='bbox 1326 3251 1378 3333; x_wconf 81' lang='lat'><strong>15)</strong></span> 
     </span>
     <span class='ocr_line' id='line_1_30' title="bbox 226 3353 1378 3437; baseline -0.004 -17"><span class='ocrx_word' id='word_1_244' title='bbox 226 3362 277 3420; x_wconf 87' lang='lat' dir='ltr'><strong>vel</strong></span> <span class='ocrx_word' id='word_1_245' title='bbox 310 3371 431 3433; x_wconf 73' lang='lat' dir='ltr'><strong>„reges</strong></span> <span class='ocrx_word' id='word_1_246' title='bbox 454 3353 710 3430; x_wconf 87' lang='lat' dir='ltr'><strong>principesque“</strong></span> <span class='ocrx_word' id='word_1_247' title='bbox 741 3355 859 3432; x_wconf 87' lang='lat' dir='ltr'><strong>(Arntz.</strong></span> <span class='ocrx_word' id='word_1_248' title='bbox 888 3355 964 3414; x_wconf 89' lang='lat' dir='ltr'><strong>Plin.</strong></span> <span class='ocrx_word' id='word_1_249' title='bbox 989 3355 1059 3414; x_wconf 88' lang='lat' dir='ltr'><strong>Pan.</strong></span> <span class='ocrx_word' id='word_1_250' title='bbox 1078 3354 1186 3413; x_wconf 86' lang='lat' dir='ltr'><strong>llill.1</strong></span> <span class='ocrx_word' id='word_1_251' title='bbox 1214 3373 1241 3429; x_wconf 91' lang='lat' dir='ltr'><strong>p.</strong></span> <span class='ocrx_word' id='word_1_252' title='bbox 1259 3354 1315 3437; x_wconf 76' lang='lat' dir='ltr'><strong>at)</strong></span> <span class='ocrx_word' id='word_1_253' title='bbox 1338 3356 1378 3415; x_wconf 85' lang='lat' dir='ltr'><strong>si·</strong></span> 
     </span>
     <span class='ocr_line' id='line_1_31' title="bbox 225 3456 1377 3536; baseline -0.008 -14"><span class='ocrx_word' id='word_1_254' title='bbox 225 3464 301 3522; x_wconf 83' lang='lat' dir='ltr'><strong>dara</strong></span> <span class='ocrx_word' id='word_1_255' title='bbox 323 3458 477 3536; x_wconf 87' lang='lat' dir='ltr'><strong>appellari</strong></span> <span class='ocrx_word' id='word_1_256' title='bbox 501 3458 615 3518; x_wconf 90' lang='lat' dir='ltr'><strong>solitos</strong></span> <span class='ocrx_word' id='word_1_257' title='bbox 639 3472 712 3516; x_wconf 86' lang='lat' dir='ltr'><strong>csse</strong></span> <span class='ocrx_word' id='word_1_258' title='bbox 735 3457 840 3514; x_wconf 86' lang='lat' dir='ltr'><strong>Barth.</strong></span> <span class='ocrx_word' id='word_1_259' title='bbox 862 3456 1022 3516; x_wconf 76' lang='lat' dir='ltr'><strong>claudian.</strong></span> <span class='ocrx_word' id='word_1_260' title='bbox 1037 3457 1084 3515; x_wconf 94' lang='lat' dir='ltr'><strong>Vl.</strong></span> <span class='ocrx_word' id='word_1_261' title='bbox 1110 3456 1186 3516; x_wconf 87' lang='lat' dir='ltr'><strong>llon.</strong></span> <span class='ocrx_word' id='word_1_262' title='bbox 1200 3457 1238 3515; x_wconf 80' lang='lat'><strong>23</strong></span> <span class='ocrx_word' id='word_1_263' title='bbox 1264 3458 1377 3531; x_wconf 59' lang='grc' dir='ltr'><strong>ΜΝ.</strong></span> 
     </span>
     <span class='ocr_line' id='line_1_32' title="bbox 228 3558 1377 3632; baseline -0.012 -4"><span class='ocrx_word' id='word_1_264' title='bbox 228 3571 331 3629; x_wconf 76' lang='lat' dir='ltr'><strong>lirntn.</strong></span> <span class='ocrx_word' id='word_1_265' title='bbox 362 3567 382 3624; x_wconf 90' lang='lat' dir='ltr'><strong>l.</strong></span> <span class='ocrx_word' id='word_1_266' title='bbox 403 3565 430 3624; x_wconf 92' lang='lat' dir='ltr'><strong>d.</strong></span> <span class='ocrx_word' id='word_1_267' title='bbox 462 3566 564 3623; x_wconf 84' lang='lat' dir='ltr'><strong>Arnlz.</strong></span> <span class='ocrx_word' id='word_1_268' title='bbox 588 3558 760 3620; x_wconf 88' lang='lat' dir='ltr'><strong>llllomertin.</strong></span> <span class='ocrx_word' id='word_1_269' title='bbox 787 3559 867 3618; x_wconf 88' lang='lat' dir='ltr'><strong>Grat.</strong></span> <span class='ocrx_word' id='word_1_270' title='bbox 894 3561 959 3618; x_wconf 83' lang='lat' dir='ltr'><strong>Act.</strong></span> <span class='ocrx_word' id='word_1_271' title='bbox 983 3559 1017 3627; x_wconf 87' lang='lat'><strong>2,</strong></span> <span class='ocrx_word' id='word_1_272' title='bbox 1049 3559 1065 3616; x_wconf 89' lang='lat'><strong>3</strong></span> <span class='ocrx_word' id='word_1_273' title='bbox 1104 3575 1133 3632; x_wconf 90' lang='lat' dir='ltr'><strong>p.</strong></span> <span class='ocrx_word' id='word_1_274' title='bbox 1161 3559 1232 3617; x_wconf 79' lang='grc'><strong>660.</strong></span> <span class='ocrx_word' id='word_1_275' title='bbox 1270 3559 1377 3619; x_wconf 85' lang='lat' dir='ltr'><strong>Valck.</strong></span> 
     </span>
     <span class='ocr_line' id='line_1_33' title="bbox 225 3654 1380 3742; baseline -0.008 -13"><span class='ocrx_word' id='word_1_276' title='bbox 225 3671 294 3730; x_wconf 86' lang='lat' dir='ltr'><strong>Enr.</strong></span> <span class='ocrx_word' id='word_1_277' title='bbox 320 3668 413 3742; x_wconf 87' lang='lat' dir='ltr'><strong>Hipp.</strong></span> <span class='ocrx_word' id='word_1_278' title='bbox 432 3666 511 3727; x_wconf 79' lang='lat'>1122</span> <span class='ocrx_word' id='word_1_279' title='bbox 535 3683 563 3739; x_wconf 91' lang='lat' dir='ltr'><strong>p.</strong></span> <span class='ocrx_word' id='word_1_280' title='bbox 583 3664 654 3723; x_wconf 80' lang='lat'><strong>285.</strong></span> <span class='ocrx_word' id='word_1_281' title='bbox 678 3662 746 3721; x_wconf 91' lang='lat' dir='ltr'><strong>add.</strong></span> <span class='ocrx_word' id='word_1_282' title='bbox 771 3662 868 3720; x_wconf 90' lang='lat' dir='ltr'><strong>Nonn.</strong></span> <span class='ocrx_word' id='word_1_283' title='bbox 886 3660 920 3718; x_wconf 92' lang='lat' dir='ltr'><strong>V.</strong></span> <span class='ocrx_word' id='word_1_284' title='bbox 935 3661 1014 3720; x_wconf 77' lang='lat'>208:</span> <span class='ocrx_word' id='word_1_285' title='bbox 1034 3654 1161 3736; x_wconf 75' lang='grc' dir='ltr'><strong><em>Ἀονίης</em></strong></span> <span class='ocrx_word' id='word_1_286' title='bbox 1187 3657 1380 3741; x_wconf 77' lang='grc' dir='ltr'><strong><em>Πολύδωρον</em></strong></span> 
     </span>
     <span class='ocr_line' id='line_1_34' title="bbox 227 3759 1377 3852; baseline -0.01 -19"><span class='ocrx_word' id='word_1_287' title='bbox 227 3765 396 3852; x_wconf 71' lang='grc' dir='ltr'><strong><em>ἑωσφόρον</em></strong></span> <span class='ocrx_word' id='word_1_288' title='bbox 418 3760 534 3848; x_wconf 76' lang='grc' dir='ltr'><em>ἀστέρα</em></span> <span class='ocrx_word' id='word_1_289' title='bbox 558 3759 677 3844; x_wconf 77' lang='grc' dir='ltr'><em>πάτρης</em></span> <span class='ocrx_word' id='word_1_290' title='bbox 706 3764 758 3842; x_wconf 87' lang='lat' dir='ltr'><strong>(ci.</strong></span> <span class='ocrx_word' id='word_1_291' title='bbox 783 3763 855 3822; x_wconf 86' lang='lat' dir='ltr'><strong>llas.</strong></span> <span class='ocrx_word' id='word_1_292' title='bbox 880 3763 1047 3822; x_wconf 87' lang='lat' dir='ltr'><strong>Timarion.</strong></span> <span class='ocrx_word' id='word_1_293' title='bbox 1072 3781 1102 3838; x_wconf 91' lang='lat' dir='ltr'><strong>p.</strong></span> <span class='ocrx_word' id='word_1_294' title='bbox 1122 3764 1180 3824; x_wconf 81' lang='grc'><strong>179</strong></span> <span class='ocrx_word' id='word_1_295' title='bbox 1195 3763 1266 3841; x_wconf 67' lang='lat' dir='ltr'><strong>sa).</strong></span> <span class='ocrx_word' id='word_1_296' title='bbox 1301 3763 1377 3823; x_wconf 89' lang='lat' dir='ltr'><strong>Plut.</strong></span> 
     </span>
     <span class='ocr_line' id='line_1_35' title="bbox 225 3860 1377 3949; baseline -0.009 -15"><span class='ocrx_word' id='word_1_297' title='bbox 225 3873 363 3933; x_wconf 85' lang='lat' dir='ltr'><strong>Marcell.</strong></span> <span class='ocrx_word' id='word_1_298' title='bbox 386 3873 440 3929; x_wconf 84' lang='lat'><strong>30:</strong></span> <span class='ocrx_word' id='word_1_299' title='bbox 477 3869 631 3949; x_wconf 76' lang='grc' dir='ltr'><strong><em>πατρίδος</em></strong></span> <span class='ocrx_word' id='word_1_300' title='bbox 660 3860 757 3948; x_wconf 72' lang='grc' dir='ltr'><em>ἀστήρ</em></span> <span class='ocrx_word' id='word_1_301' title='bbox 787 3861 987 3944; x_wconf 79' lang='grc' dir='ltr'><strong><em>Μάρκελλος.</em></strong></span> <span class='ocrx_word' id='word_1_302' title='bbox 1017 3865 1124 3941; x_wconf 85' lang='lat' dir='ltr'><strong>Epigr.</strong></span> <span class='ocrx_word' id='word_1_303' title='bbox 1153 3882 1204 3939; x_wconf 89' lang='lat' dir='ltr'><strong>ap.</strong></span> <span class='ocrx_word' id='word_1_304' title='bbox 1237 3866 1377 3926; x_wconf 85' lang='lat' dir='ltr'><strong>llolsten.</strong></span> 
     </span>
     <span class='ocr_line' id='line_1_36' title="bbox 225 3963 1377 4053; baseline -0.004 -20"><span class='ocrx_word' id='word_1_305' title='bbox 225 3975 334 4050; x_wconf 82' lang='lat' dir='ltr'><strong>Steplr.</strong></span> <span class='ocrx_word' id='word_1_306' title='bbox 357 3974 427 4048; x_wconf 88' lang='lat' dir='ltr'>Byz.</span> <span class='ocrx_word' id='word_1_307' title='bbox 455 3989 485 4045; x_wconf 86' lang='lat' dir='ltr'><strong>p.</strong></span> <span class='ocrx_word' id='word_1_308' title='bbox 504 3973 576 4032; x_wconf 82' lang='lat'>115:</span> <span class='ocrx_word' id='word_1_309' title='bbox 601 3967 637 4044; x_wconf 77' lang='grc' dir='ltr'><strong>ὅς</strong></span> <span class='ocrx_word' id='word_1_310' title='bbox 663 3963 697 4053; x_wconf 75' lang='grc' dir='ltr'><strong>ῥ’</strong></span> <span class='ocrx_word' id='word_1_311' title='bbox 716 3963 908 4048; x_wconf 80' lang='grc' dir='ltr'><strong><em>Ἐπιδάμνου</em></strong></span> <span class='ocrx_word' id='word_1_312' title='bbox 924 3963 1066 4046; x_wconf 53' lang='lat' dir='ltr'><strong>’Horcon</strong></span> <span class='ocrx_word' id='word_1_313' title='bbox 1087 3964 1147 4043; x_wconf 73' lang='grc' dir='ltr'><strong><em>ἔην.</em></strong></span> <span class='ocrx_word' id='word_1_314' title='bbox 1171 3969 1260 4028; x_wconf 88' lang='lat' dir='ltr'><strong>Ovid.</strong></span> <span class='ocrx_word' id='word_1_315' title='bbox 1285 3970 1377 4028; x_wconf 82' lang='lat' dir='ltr'><strong>Trist.</strong></span> 
     </span>
     <span class='ocr_line' id='line_1_37' title="bbox 226 4069 1377 4146; baseline -0.006 -10"><span class='ocrx_word' id='word_1_316' title='bbox 226 4078 260 4136; x_wconf 91' lang='lat' dir='ltr'><strong>ll.</strong></span> <span class='ocrx_word' id='word_1_317' title='bbox 286 4077 361 4136; x_wconf 77' lang='lat' dir='ltr'><strong>lat:</strong></span> <span class='ocrx_word' id='word_1_318' title='bbox 390 4074 454 4144; x_wconf 87' lang='lat' dir='ltr'><strong>tui,</strong></span> <span class='ocrx_word' id='word_1_319' title='bbox 484 4075 572 4133; x_wconf 88' lang='lat' dir='ltr'><strong>sidus</strong></span> <span class='ocrx_word' id='word_1_320' title='bbox 592 4072 753 4143; x_wconf 85' lang='lat' dir='ltr'><strong>juvenile,</strong></span> <span class='ocrx_word' id='word_1_321' title='bbox 777 4078 943 4146; x_wconf 86' lang='lat' dir='ltr'><strong>rrepotes.“</strong></span> <span class='ocrx_word' id='word_1_322' title='bbox 976 4071 1068 4144; x_wconf 88' lang='lat' dir='ltr'><strong>Apul.</strong></span> <span class='ocrx_word' id='word_1_323' title='bbox 1093 4069 1230 4130; x_wconf 75' lang='lat' dir='ltr'><strong>illatxl.</strong></span> <span class='ocrx_word' id='word_1_324' title='bbox 1254 4087 1283 4145; x_wconf 94' lang='lat' dir='ltr'><strong>p.</strong></span> <span class='ocrx_word' id='word_1_325' title='bbox 1298 4073 1377 4131; x_wconf 70' lang='lat'>7⁶13:</span> 
     </span>
     <span class='ocr_line' id='line_1_38' title="bbox 224 4173 1378 4250; baseline -0.002 -14"><span class='ocrx_word' id='word_1_326' title='bbox 224 4179 285 4238; x_wconf 88' lang='lat' dir='ltr'><strong>viri</strong></span> <span class='ocrx_word' id='word_1_327' title='bbox 308 4211 349 4222; x_wconf 87' lang='lat'><em>-</em></span> <span class='ocrx_word' id='word_1_328' title='bbox 372 4178 493 4237; x_wconf 86' lang='lat' dir='ltr'><strong>vertice</strong></span> <span class='ocrx_word' id='word_1_329' title='bbox 529 4177 762 4250; x_wconf 80' lang='lat' dir='ltr'><strong>praenitentes,</strong></span> <span class='ocrx_word' id='word_1_330' title='bbox 804 4189 936 4249; x_wconf 85' lang='lat' dir='ltr'><strong>magnae</strong></span> <span class='ocrx_word' id='word_1_331' title='bbox 973 4173 1142 4249; x_wconf 83' lang='lat' dir='ltr'><strong>religionis</strong></span> <span class='ocrx_word' id='word_1_332' title='bbox 1178 4181 1306 4234; x_wconf 86' lang='lat' dir='ltr'><strong>terrena</strong></span> <span class='ocrx_word' id='word_1_333' title='bbox 1337 4175 1378 4234; x_wconf 92' lang='lat' dir='ltr'><strong>si-</strong></span> 
     </span>
     <span class='ocr_line' id='line_1_39' title="bbox 224 4275 1377 4353; baseline -0.002 -15"><span class='ocrx_word' id='word_1_334' title='bbox 224 4280 332 4338; x_wconf 88' lang='lat' dir='ltr'><strong>dera.“</strong></span> <span class='ocrx_word' id='word_1_335' title='bbox 364 4279 455 4338; x_wconf 89' lang='lat' dir='ltr'><strong>Unde</strong></span> <span class='ocrx_word' id='word_1_336' title='bbox 478 4277 533 4353; x_wconf 84' lang='lat' dir='ltr'><strong>qni</strong></span> <span class='ocrx_word' id='word_1_337' title='bbox 556 4277 766 4348; x_wconf 88' lang='lat' dir='ltr'><strong>„siderum</strong></span> <span class='ocrx_word' id='word_1_338' title='bbox 790 4276 907 4335; x_wconf 89' lang='lat' dir='ltr'><strong>clarum</strong></span> <span class='ocrx_word' id='word_1_339' title='bbox 930 4276 1054 4334; x_wconf 90' lang='lat' dir='ltr'><strong>decus</strong></span> <span class='ocrx_word' id='word_1_340' title='bbox 1077 4275 1209 4336; x_wconf 89' lang='lat' dir='ltr'><strong>divum</strong></span> <span class='ocrx_word' id='word_1_341' title='bbox 1231 4276 1377 4336; x_wconf 86' lang='lat' dir='ltr'><strong>lulium“</strong></span> 
     </span>
    </p>
   </div>
   <div class='ocr_carea' id='block_1_3' title="bbox 0 0 1526 4984">
    <p class='ocr_par' dir='ltr' id='par_1_4' title="bbox 0 0 1526 4984">
     <span class='ocr_line' id='line_1_40' title="bbox 0 0 1526 4984; baseline 0 0"><span class='ocrx_word' id='word_1_342' title='bbox 0 0 1526 4984; x_wconf 95' lang='lat' dir='ltr'><strong> </strong></span> 
     </span>
    </p>
   </div>
  </div>
 </body>
</html>
