3052 4996
808 359 852 429 30

248 529 353 614 (cllll
376 528 451 614 pl)
486 532 581 590 verba
604 531 674 591 illa:
711 537 898 605 amatque
928 530 1049 600 janua
1070 529 1193 589 limen
1215 530 1343 591 vitiose
1373 531 1424 591 ita

249 633 344 696 scribi
360 632 548 709 suspicatus.
580 631 710 692 Scilicet
722 631 911 704 janitricem,
935 631 1040 701 credo,
1064 631 1114 691 vir
1128 631 1337 693 doctissimus
1355 635 1423 709 Ly-

249 736 332 797 diam
358 735 459 796 luisse
483 733 546 795 sibi
569 741 779 810 persuaserat.

786 885 868 979 XV.

331 1042 418 1113 Quae
441 1043 472 1102 in
496 1041 634 1103 carmine
657 1041 707 1101 ΙΙΙ.
732 1045 772 1103 23
798 1048 939 1103 extremo
961 1042 1123 1118 leguntur:

458 1143 596 1208 lmmnnls
619 1160 722 1205 aram
746 1144 781 1205 si
805 1145 951 1222 tetigit
973 1161 1127 1214 rnanus,

459 1248 541 1309 Non
565 1254 802 1325 sumptuosa
824 1247 1018 1307 blandior
1046 1247 1189 1307 hostia

544 1350 726 1412 Mollivit
750 1366 918 1411 aversos
940 1349 1114 1409 Penates

585 1453 704 1513 llarre
728 1454 797 1530 pio
822 1458 860 1512 et
883 1452 1067 1512 saliente
1090 1452 1209 1521 mica,

248 1572 341 1631 quum
365 1554 481 1614 Guielo
513 1561 545 1614 et
567 1554 790 1630 Peerlkampio
820 1570 970 1614 assensus
999 1552 1180 1615 Meinekius
1210 1556 1246 1614 ab
1270 1552 1415 1615 Horatio

247 1655 478 1728 abjudicasset,
501 1655 654 1716 Lehrsius
678 1674 707 1732 p,
727 1655 835 1742 CXXII
851 1674 897 1732 sq.
921 1657 968 1717 sic
990 1657 1122 1718 retineri
1145 1671 1243 1732 posse
1267 1675 1413 1732 pronun-

246 1760 355 1829 tiavit,
392 1758 420 1819 si
451 1760 483 1819 in
512 1760 615 1820 locum
646 1758 735 1819 vocis
773 1759 957 1818 immunis
988 1759 1173 1819 insontis
1203 1759 1414 1821 sufficeretur

247 1878 306 1923 nec
328 1861 488 1923 intellexit
512 1877 548 1920 se
570 1876 635 1921 rem
659 1858 803 1922 molitum
824 1861 922 1921 multo
942 1861 1151 1932 deteriorem,
1175 1878 1268 1938 quam
1291 1863 1321 1922 si
1343 1864 1410 1922 fre-
1505 1930 1506 1957 ¹

247 1971 297 2024 tus
321 1961 428 2022 Ovidii
459 1963 606 2038 exemplo
637 1963 724 2023 Pont.
749 1963 798 2023 lV.
822 1964 852 2032 2,
886 1963 939 2024 19;
979 1963 1111 2024 Pectora
1146 1963 1194 2023 sio
1230 1981 1300 2025 mea
1332 1972 1411 2025 sunt

247 2066 342 2127 limo
366 2064 522 2125 vitiata
549 2064 731 2124 malorum“
764 2070 794 2124 et
817 2063 977 2126 Sarbievii
1000 2064 1091 2125 llll
1127 2085 1156 2142 p.
1172 2065 1226 2126 88:
1263 2068 1410 2128 nascitur

248 2176 280 2230 el
297 2169 354 2229 viti
368 2168 516 2228 sincerus
540 2166 776 2242 illimisque
793 2177 941 2228 morum“
968 2185 1078 2228 vocem
1092 2168 1291 2229 librariorum
1306 2169 1407 2247 vulgo

248 2272 440 2348 incognitam
471 2269 628 2331 inlimis
667 2270 886 2331 commendare
924 2272 1087 2348 ingressus
1125 2278 1219 2332 esset.
1280 2271 1406 2343 Quanto

247 2373 506 2450 circumspectior
536 2371 710 2448 Seyffertus
742 2373 854 2434 lllluetz.
886 2376 966 2435 Actt.
999 2375 1039 2434 ad
1069 2391 1120 2434 res
1151 2392 1253 2452 gymn.
1286 2375 1404 2451 pertin.

251 2477 331 2537 1860
362 2496 390 2554 p.
417 2477 475 2538 586
506 2474 672 2537 subtiliore
702 2475 921 2552 disputatione
953 2476 1076 2560 (nescio
1100 2495 1139 2538 an
1161 2476 1300 2554 Hauptio
1334 2497 1407 2554 pro·

246 2577 333 2664 bata)
358 2579 389 2639 id
414 2581 543 2641 efficere
568 2577 706 2649 studuit,
738 2586 772 2639 ut
796 2579 1002 2640 immunem
1033 2596 1104 2640 eum
1127 2580 1207 2650 dici,
1238 2579 1407 2655 quiesset

248 2683 463 2753 inofficiosae,
494 2683 635 2760 ingratus
662 2676 741 2764 (Art.
773 2700 822 2758 ap.
853 2683 915 2743 Cic.
954 2702 981 2759 p.
1006 2682 1086 2743 Sest.
1113 2685 1163 2753 57,
1190 2684 1258 2742 122.
1304 2682 1404 2743 Halm,

247 2806 277 2864 p.
301 2785 396 2870 att),
420 2787 612 2847 sententiam
636 2792 740 2846 autem
762 2789 845 2848 hanc
868 2789 1002 2848 subesse
1026 2785 1275 2864 intelligeretur:
1306 2786 1334 2847 si
1358 2787 1404 2848 in·

248 2889 393 2950 officiosa
415 2906 524 2950 manus
548 2906 631 2949 aram
655 2890 816 2966 tetigerit,
839 2892 947 2950 hostia
976 2891 1082 2950 oblata
1106 2891 1169 2950 diis
1197 2909 1260 2951 uon
1284 2891 1406 2968 gratior
1505 2916 1506 2927 ¹

249 2993 325 3063 erit,
349 3008 440 3067 quam
465 2991 633 3068 exiguum,
656 2991 741 3065 quod
764 2991 875 3052 eadem
897 3009 1006 3053 manus
1031 2994 1199 3064 obtulerit,
1222 3011 1346 3064 munus,
1370 2993 1405 3052 id
1505 2996 1506 3071 1

249 3101 311 3154 est:
333 3100 501 3169 utrumque
524 3091 714 3154 sacrificium
738 3093 800 3153 diis
824 3110 928 3170 aeque
949 3094 1105 3172 ingratum
1121 3095 1211 3155 erit.“
1256 3095 1405 3156 Nostrum

249 3197 377 3273 quidem
410 3194 564 3267 judicium
583 3193 661 3254 'hoc
699 3202 748 3255 est
778 3196 913 3256 eundern
942 3197 995 3257 hic
1025 3197 1125 3258 latere
1149 3214 1304 3268 errorem,
1339 3215 1403 3273 quo
1505 3196 1506 3213 ¹

248 3301 372 3360 littores
396 3316 433 3368 n,
461 3316 482 3357 u
507 3303 538 3357 et
561 3298 585 3358 li
619 3314 687 3358 cum
716 3298 823 3359 mullis
848 3300 880 3359 iu
903 3299 984 3360 locis
1012 3308 1077 3361 tum
1101 3301 1184 3377 apud
1207 3301 1404 3362 Lactantiurn

248 3404 344 3464 Theb.
361 3402 395 3461 ll.
419 3402 496 3460 tol:
518 3418 624 3461 avus.
655 3400 773 3462 Monac.
797 3402 907 3462 alius
930 3409 1122 3480 permutatas
1146 3420 1220 3464 esse
1236 3405 1402 3465 docuimus

248 3507 280 3566 in
309 3506 384 3567 Stat.
414 3503 477 3565 Ecl.
507 3505 561 3564 ult.
586 3505 625 3563 24
662 3522 691 3580 p.
717 3506 764 3564 37.
824 3504 913 3576 Quod
948 3507 1045 3584 igitur
1083 3507 1257 3582 antiquitus
1295 3507 1401 3583 prodi-

248 3617 312 3669 tum
335 3607 410 3669 fuit:

502 3708 688 3770 immunis
712 3727 818 3772 aram
843 3715 878 3771 si
900 3712 1048 3790 tetigit
1074 3713 1168 3790 malis,

250 3814 281 3876 id
303 3819 337 3873 ut
360 3812 393 3872 in
415 3813 512 3881 hane,
537 3829 629 3887 quam
652 3813 826 3885 cernimus,
850 3815 992 3890 speciem
1016 3814 1208 3876 simillimam
1232 3796 1399 3897 (qllantulo

249 3918 333 3978 enim
356 3915 540 3976 discrimine
562 3913 709 3976 differunt
732 3917 866 3977 malis:
890 3910 1039 4002 maus?)
1062 3925 1332 3994 corrumperetur,
1356 3918 1369 3977 l
1389 3954 1399 3963 -

248 4026 331 4080 ctum
361 4026 410 4080 est
439 4019 530 4079 vocis
559 4019 661 4079 mala
690 4016 871 4081 insolentia.
930 4022 1006 4082 Nam
1040 4021 1157 4081 malis
1195 4021 1398 4080 immunem

249 4122 313 4183 dici
336 4142 398 4184 non
422 4123 524 4182 solum
548 4137 636 4192 eum,
666 4122 720 4197 qui
751 4125 910 4184 aerumnis
935 4130 966 4183 et
989 4123 1193 4200 periculis
1217 4121 1398 4182 immunis

249 4226 291 4284 sit
314 4220 430 4306 (Burm.
456 4227 566 4285 Lucan.
590 4226 668 4286 Vlll.
693 4226 754 4285 tot
778 4243 806 4302 p.
825 4227 894 4287 591.
940 4226 1011 4286 Seu.
1035 4225 1070 4285 H.
1094 4227 1123 4286 F.
1147 4225 1224 4284 214:
1248 4225 1399 4299 numquid

250 4327 432 4388 immunis
455 4327 514 4388 fuit
534 4328 664 4389 Infantis
681 4325 827 4412 aetas‘l),
852 4328 909 4388 sed
926 4328 1087 4390 bominem
1110 4328 1233 4389 vitiis
1256 4342 1396 4389 caren-
