3026 4988
777 326 819 395 aa

161 534 165 542 .
223 503 360 563 evehere
388 501 550 561 videatur:
587 501 785 561 conferantur
814 500 899 561 enirn
927 500 1023 559 ver-ha
1052 506 1083 561 et
1113 500 1209 561 haec:
1244 501 1371 562 curri-

222 606 311 666 culo
333 604 378 684 (ut
401 603 456 664 Sil.
478 603 515 664 V.
539 603 593 680 24)
622 603 833 680 pulverem
863 602 1036 679 collegisse
1067 607 1215 678 molaque
1245 603 1372 664 forvi-

222 707 284 768 dis
306 705 432 768 Evitata
454 706 578 766 rolIs“:
602 704 967 782 „Nympharumque
990 704 1295 780 chori-lyricis
1318 723 1373 767 va-

223 809 336 870 tibus“
353 815 385 868 et
402 807 471 868 illa:
495 809 658 869 Terrarum
681 806 827 867 dominos
850 806 1021 866 evehitad
1043 807 1157 867 deos:
1181 805 1292 868 leriam
1317 807 1372 868 si-

223 913 318 972 dera
350 909 539 970 verticc.“
591 908 715 970 Etenim
750 907 862 968 simili·
881 909 1025 969 oratione
1056 924 1137 983 opus
1164 909 1224 969 tuit
1253 909 1286 970 iu
1316 909 1372 969 de-

221 1013 396 1088 scriptione
418 1012 618 1073 similium
641 1010 872 1081 institutorum,
897 1028 1027 1086 quorum
1053 1013 1089 1073 ab
1113 1011 1213 1072 altero
1237 1027 1373 1074 exorsus

222 1117 255 1177 in
277 1117 378 1177 altero
408 1114 506 1175 desiit
529 1113 686 1175 Herelius.
736 1113 806 1174 Nisi
829 1114 912 1174 sorte
935 1113 995 1174 hoc
1025 1113 1148 1174 ratione
1172 1112 1245 1174 fieri
1267 1122 1373 1192 putas,

221 1225 255 1279 ut
285 1218 339 1293 qui
371 1217 535 1294 exempla,
572 1232 653 1293 quae
686 1215 877 1292 Interposita
906 1222 978 1276 sunt
1008 1235 1035 1275 v.
1061 1217 1195 1286 'l-28,
1233 1222 1310 1277 nota
1338 1223 1373 1276 et

222 1322 430 1382 Rornanorum
454 1313 583 1397 propriu
605 1333 680 1379 esse
703 1318 928 1396 intelligimus,
964 1318 1062 1378 iidem
1090 1334 1243 1396 negemus
1267 1319 1374 1380 studia

222 1441 345 1493 eorum,
369 1440 450 1498 quos
474 1422 628 1482 curriculo
653 1421 814 1498 pulverem
832 1421 1028 1497 Olympicum
1049 1419 1174 1493 juvaret
1187 1421 1373 1499 collegisse,

221 1531 316 1602 atque
348 1523 432 1596 ejus,
463 1523 518 1600 qui
548 1521 725 1600 „princeps
755 1522 903 1583 Aeolium
934 1539 1058 1584 carmen
1087 1523 1126 1584 ad
1155 1522 1251 1584 Italos
1274 1524 1372 1584 dedu-

221 1628 310 1689 xisse
331 1626 472 1688 modos“
502 1626 563 1688 sihi
586 1626 766 1696 videretur,
797 1632 829 1687 et
857 1643 928 1687 rara
956 1643 1191 1704 paucomrnque
1222 1628 1372 1704 exemplo

222 1728 350 1807 cognita
377 1730 477 1790 luisse
508 1735 540 1789 et
563 1728 753 1790 Graecorum
781 1730 937 1802 moribus,
972 1748 1064 1806 quam
1085 1731 1295 1792 Rornanorum
1318 1733 1372 1794 ad-

220 1831 385 1904 iunctiora.
438 1830 524 1902 erae
555 1832 603 1892 sic
632 1829 808 1894 deliberata
835 1833 970 1894 mirifice
1005 1833 1186 1910 discrepant
1216 1851 1285 1895 curn
1315 1835 1374 1896 illa

220 1936 328 1996 Wolfii
358 1936 445 1997 Anat.
470 1934 504 1994 II.
534 1951 563 2010 p.
582 1935 642 1997 ²63
665 1953 711 2010 sq.
739 1935 966 2015 disputatione.
1018 1936 1117 2008 Quem
1146 1936 1274 2013 quidem
1303 1954 1372 2000 ex-

152 2094 157 2098 .
221 2054 379 2102 cessum
408 2035 452 2117 (p.
470 2037 540 2096 ²61.
571 2043 633 2098 not.
653 2039 683 2112 1)
715 2038 770 2099 ubi
803 2038 916 2098 itemm
946 2039 1027 2116 legi,
1060 2038 1164 2099 vereri
1195 2039 1293 2100 subiit
1323 2037 1371 2124 (id

221 2139 304 2217 quod
333 2139 514 2217 significavi
547 2138 623 2200 Stat.
647 2139 710 2200 Ecl.
734 2140 788 2199 ult.
815 2139 830 2198 1
869 2157 899 2217 p.
917 2139 955 2199 ta
990 2138 1186 2201 dissentiens
1223 2158 1242 2201 a
1275 2142 1372 2206 Bern-

220 2242 340 2318 hardyo
363 2242 442 2303 Ilist.
461 2242 547 2302 Rom.
570 2241 642 2302 Litt.
671 2242 789 2318 pase.
820 2248 883 2303 not.
900 2239 992 2326 tte),
1021 2258 1062 2302 ne
1089 2243 1138 2303 vir
1166 2244 1372 2314 acutissimus

221 2344 377 2420 quendam
412 2343 601 2405 medendi
636 2345 777 2415 modum,
821 2360 913 2421 quem
952 2343 1025 2421 ipse
1060 2344 1188 2406 minIme
1222 2351 1373 2422 probaret

223 2453 491 2523 sequereturque,
514 2445 773 2507 facetissime
796 2447 963 2508 cavillatus
982 2464 1051 2507 cum
1067 2448 1197 2524 profusa
1210 2450 1375 2513 doctrinae

221 2550 366 2626 impensa
379 2564 507 2609 cousus
520 2548 702 2625 sitgenere,
728 2565 790 2623 quo
814 2547 1021 2608 contraria
1041 2549 1257 2610 ostenduntur.
1292 2550 1374 2622 Quid

218 2649 281 2723 jarn
308 2651 409 2712 dicam
439 2652 479 2711 de
501 2649 653 2720 Lchrsio,
685 2650 740 2726 qui
769 2651 866 2710 multa
893 2656 1129 2728 argumentatus
1159 2669 1189 2728 p.
1206 2652 1303 2713 XXVI
1326 2672 1374 2731 sq.

220 2755 302 2816 adeo
325 2773 387 2816 non
409 2754 497 2830 cepit
519 2768 627 2813 veram
649 2750 742 2824 hujus
766 2753 913 2814 carminis
937 2753 1095 2828 speciem,
1125 2760 1159 2814 ut
1182 2771 1308 2817 versum
1331 2757 1372 2817 32

221 2857 463 2918 commacularet
492 2856 539 2916 sic
562 2854 746 2915 scribendo:
776 2869 828 2916 mo
853 2889 889 2898 —-
915 2854 1088 2916 secernunt
1116 2860 1252 2934 populo,
1287 2860 1372 2922 (lum

223 2955 288 3040 (vel
313 2958 400 3038 cui)
430 2973 534 3034 neque
564 2956 658 3019 tthas
686 2955 827 3036 Euterpe
856 2952 1009 3018 cohibet?
1061 2958 1193 3020 Scilicet
1223 2963 1284 3023 hoc
1310 2963 1372 3036 jam

221 3061 422 3138 perspicuum
445 3066 494 3120 est
517 3059 548 3120 in
573 3057 719 3120 omnibus
748 3060 828 3121 locis
860 3056 912 3142 (cl.
935 3058 1061 3143 LXIII),
1091 3061 1122 3122 in
1156 3064 1269 3138 quibus
1300 3083 1373 3127 con·

218 3161 341 3236 iectura
363 3178 443 3237 opus
468 3178 541 3223 esse
560 3161 740 3232 videretur,
763 3161 982 3223 doctissimum
1005 3161 1165 3224 hominem
1188 3163 1371 3244 sicgrassa-

220 3272 286 3326 tum
320 3280 409 3335 esse,
445 3272 480 3327 ut
515 3265 592 3326 artis
628 3265 759 3326 criticae
796 3269 969 3341 praecepta
1003 3265 1208 3327 arbitraretur
1243 3269 1370 3346 impune

219 3367 388 3427 contemni.

737 3565 846 3663 xtll.
918 3629 931 3647 κ

304 3741 364 3813 Qui
387 3757 498 3802 versus
522 3740 543 3800 l.
568 3741 597 3810 3,
624 3740 776 3801 tt-ao:

388 3862 506 3933 Quem
530 3860 672 3921 mortis
694 3860 834 3920 timuit
857 3862 987 3942 gratian,

451 3962 523 4034 Qui
545 3960 630 4026 sltels
652 3962 786 4023 oculis
808 3971 989 4026 monstra
1010 3968 1211 4037 natantia,

386 4064 458 4136 Qui
481 4063 587 4125 vidit
610 4081 714 4125 mare
735 4067 941 4128 turbidum
964 4074 1000 4127 et

452 4167 627 4229 Infames
651 4170 848 4247 scopulos
872 4169 1079 4234 tmoccranta

218 4286 255 4345 ab
278 4284 408 4345 Horatio
440 4285 648 4358 abjudicavit,
679 4289 919 4366 Peerlkarnpius
949 4285 1107 4371 persuasit
1130 4291 1294 4352 Meinelrio
1328 4297 1367 4360 et,
