3030 4984
782 306 845 407 ru

233 486 364 563 ingenio
395 482 557 545 Horatium
587 483 727 543 alitem
761 499 820 558 pro
853 501 976 560 cycno
1014 485 1204 547 nominando
1237 489 1394 550 maluisse·

232 587 408 666 generatim
430 591 526 661 atque
548 585 699 645 universe
723 585 830 661 loqui,
856 602 947 662 quarn
970 588 1107 664 proprie
1125 605 1287 666 vereque:
1306 593 1389 668 quod

233 692 288 768 qui
311 697 397 750 recte
419 696 515 764 atque
539 688 650 748 ordine
672 688 787 748 lactnm
812 705 884 750 esse
908 690 1087 762 existimet,
1112 708 1189 752 sane
1212 694 1387 766 pericnlum

233 801 282 854 est
305 809 345 854 ne
369 791 452 852 idem
476 790 638 867 Calpurnii
661 805 788 851 versum
810 791 874 852 Ecl.
893 791 939 851 Vl.
956 794 992 852 a:
1023 792 1071 852 sic
1094 794 1201 856 vincat
1221 798 1390 859 acanthida

233 897 402 958 cornix“
427 893 657 971 elegantiorem
680 898 770 968 putet
793 893 863 954 fieri
888 896 950 954 hoc
973 896 1082 955 modo:
1113 897 1160 956 sic
1183 899 1273 958 ales
1298 915 1389 960 acan·

232 999 321 1060 thida
344 998 480 1058 vincat.“
516 997 549 1056 ln
574 1013 635 1072 qua
658 1013 771 1077 caussa
792 994 961 1067 judicanda
985 1014 1077 1073 qnam
1100 998 1216 1060 leviter
1239 1002 1390 1078 plerique

232 1100 351 1160 versati
374 1100 453 1169 sint,
478 1096 597 1174 insigni
621 1097 810 1158 documento
835 1105 884 1158 est
906 1097 1193 1172 Mitscherlichius‚
1217 1103 1273 1178 qui
1298 1105 1391 1164 valde

232 1206 294 1265 hoc
316 1202 474 1263 affirmans
505 1217 536 1275 p.
555 1201 609 1260 18:
644 1200 747 1271 „Nam
778 1206 810 1260 et
841 1219 992 1276 cycnus
1022 1210 1054 1264 et
1085 1220 1142 1278 pro
1173 1222 1273 1280 cycno
1304 1208 1390 1268 ales

232 1305 388 1368 solemnia
411 1309 482 1364 sunt
504 1303 544 1363 de
569 1302 691 1379 poetis,
723 1308 756 1362 ut
779 1302 828 1362 IV.
844 1304 874 1374 2,
890 1306 939 1366 25.
971 1305 1007 1364 11.
1023 1308 1074 1376 20,
1092 1308 1158 1367 ld“
1188 1326 1251 1368 non
1280 1310 1391 1370 hercle

232 1408 372 1485 dispexit
395 1411 545 1482 quantum
567 1407 605 1466 ab
629 1406 733 1466 alite
757 1406 890 1465 distaret
914 1407 1029 1467 albus
1052 1409 1138 1470 ales
1163 1427 1390 1473 commemora-

230 1521 282 1574 tus
306 1510 453 1574 carminis
469 1509 504 1568 ll.
520 1510 559 1569 20
585 1524 680 1568 versu
706 1510 762 1578 111,
793 1524 965 1569 canorus
988 1510 1056 1570 ales
1078 1516 1156 1576 v.15
1179 1511 1265 1596 (add.
1281 1513 1390 1577 Sidon.

230 1599 369 1692 Apollin.
391 1612 447 1687 Ep.
471 1619 503 1672 et
527 1613 625 1672 Carm.
649 1612 680 1670 ll.
706 1611 738 1672 in
761 1617 903 1673 extrema
925 1613 985 1672 hac
1008 1613 1198 1688 quaestione
1224 1615 1280 1700 d).

316 1716 425 1791 Neque
448 1716 546 1786 haec,
570 1731 651 1791 quae
674 1715 737 1789 ipsi
760 1715 971 1792 argumentati
995 1733 1121 1786 snmus,
1146 1735 1207 1777 non
1224 1720 1388 1796 explorata

230 1840 267 1884 ac
289 1823 459 1896 perspecta
480 1817 605 1878 inerunt
627 1818 791 1877 veteribus
813 1814 1041 1893 grammaticis:
1066 1819 1162 1897 longe
1185 1819 1281 1882 aliam
1305 1823 1388 1884 enim

232 1920 461 1997 interpretandi
494 1919 576 1979 viam
606 1919 744 1996 ingressi
776 1926 848 1978 sunt
871 1921 972 1980 Acron
1003 1939 1031 1997 p.
1047 1899 1099 1993 21,
1116 1923 1171 1982 21:
1208 1924 1387 1987 Maeonii

231 2021 433 2086 carminis.
480 2020 640 2081 llomarici
671 2021 702 2080 id
733 2027 782 2081 est
813 2022 870 2082 tali
894 2026 1032 2084 carmine
1063 2024 1214 2088 scriberis
1238 2046 1258 2089 a
1280 2029 1387 2100 Vario,

232 2124 318 2202 quali
341 2141 417 2188 usus
442 2129 490 2182 est
512 2121 675 2181 Homerus.
723 2122 832 2182 Alite
854 2123 1000 2199 auspicio
1025 2125 1095 2186 sive
1116 2127 1200 2189 bono
1226 2131 1386 2192 omine“

231 2231 407 2312 (postrema
429 2226 512 2286 enim
535 2226 615 2285 haec
635 2243 697 2286 vox
724 2223 905 2296 adjicienda
924 2227 984 2287 fuit
1000 2229 1118 2290 omissa
1134 2232 1173 2291 ab
1189 2230 1385 2314 Hauthalio).

230 2331 426 2408 Porphyrion
458 2330 553 2406 pli,
579 2329 631 2388 19:
674 2328 855 2389 Maeonii
892 2330 1084 2390 carminis
1120 2333 1234 2394 alite.
1286 2333 1328 2396 Ut
1359 2336 1387 2396 si

230 2434 368 2494 diceret:
407 2429 586 2491 Homericis
618 2428 774 2505 auspiciis
804 2447 840 2490 ac
872 2446 928 2506 per
959 2432 1020 2494 hoc
1051 2432 1219 2496 Homerica
1247 2438 1386 2500 sublimi·

229 2545 327 2599 tata.“
353 2554 380 2592 v.
399 2535 436 2595 13
461 2551 490 2609 p.
507 2532 557 2602 27,
575 2532 629 2592 12:
658 2533 793 2610 figurate
816 2540 921 2599 autem
945 2542 1042 2612 negat
1058 2551 1094 2596 se
1113 2554 1211 2613 posse
1227 2555 1280 2600 res
1297 2541 1387 2601 belli-

229 2657 283 2699 cas
307 2638 466 2705 scrihere,
490 2651 599 2695 verum
613 2634 739 2694 Varium
763 2635 890 2708 potius,
915 2637 969 2712 qui
993 2626 1218 2701 sitllomerico
1239 2619 1387 2718 s'piritu'f‘

229 2741 409 2803 Scholiasta
432 2739 525 2813 cruq.
549 2755 579 2813 p.
596 2738 652 2797 20:
682 2735 821 2798 Maeonii
846 2739 993 2799 carminis
1017 2737 1110 2822 alite)
1135 2741 1300 2815 Homerici
1324 2763 1387 2808 car-

228 2843 324 2904 minis
347 2840 574 2900 sublimitates
619 2841 779 2916 lnterpres
795 2839 906 2900 Graev.
930 2860 959 2918 p.
979 2842 1032 2903 15:
1056 2845 1201 2919 auspicio
1219 2848 1272 2906 vel
1289 2847 1387 2910 subli-

228 2943 549 3008 rnitatellonericar‘
583 2945 694 3020 Neque
718 2945 804 3006 aliud
827 2944 886 3005 fuit
907 2943 1060 3016 judicium
1082 2949 1243 3032 Dominici
1258 2953 1385 3023 Baudii,

229 3049 318 3121 cujus
341 3049 532 3108 mentionem
556 3048 775 3109 inchoavimus
800 3047 925 3118 Quaest.
951 3049 991 3108 de
1014 3051 1258 3142 Ansere'poeta
1280 3071 1350 3132 cap.
1365 3054 1385 3112 1.

228 3172 259 3230 p.
289 3151 335 3212 11.
379 3149 439 3221 Qui
463 3150 662 3224 posthabito.
687 3166 726 3209 ne
751 3152 857 3226 plures
880 3151 1026 3223 aderam,
1050 3153 1183 3214 Sidonio
1199 3157 1388 3229 Apollinare

229 3235 328 3316 carm.
350 3251 398 3312 111.
423 3251 499 3311 127:
533 3250 602 3312 Non
624 3251 677 3313 hic
699 3251 912 3313 Maeoniae
943 3253 1047 3315 stilo
1072 3257 1269 3318 Camenae
1300 3259 1387 3320 Civis

228 3355 436 3432 Dulichiique
460 3355 669 3431 Thessalique
683 3354 839 3416 Virtutem
863 3355 1120 3434 sapientiamque
1145 3371 1265 3422 narro“
1290 3367 1387 3437 atque

230 3459 403 3521 Claudiano
426 3461 459 3520 L.
484 3456 591 3518 Seren.
619 3459 672 3519 19:
708 3462 797 3520 Anne
827 3458 915 3520 aliud
945 3466 1013 3521 toto
1037 3461 1165 3522 molitur
1194 3463 1387 3525 carminis

228 3559 521 3625 actuldaaonii
543 3577 631 3621 mans
654 3563 718 3622 alta
741 3559 856 3622 senis“
881 3559 991 3624 maluit
1006 3565 1086 3624 hoec
1099 3565 1242 3641 proferre
1254 3566 1352 3629 lamb.
1366 3569 1385 3628 1.

227 3669 413 3745 p.155sq.:
452 3662 486 3724 Si
513 3679 583 3723 mea
612 3661 740 3724 bullatis
769 3683 831 3724 non
860 3671 966 3742 turget
996 3667 1113 3744 pagina
1148 3665 1241 3745 nugis
1270 3668 1386 3731 Alite

226 3765 408 3830 hlaeonio
432 3783 491 3827 nec
514 3780 611 3843 grave
633 3763 734 3843 surgit
750 3777 863 3843 opus.“
887 3767 958 3828 Var.
972 3768 1077 3829 Poem.
1102 3788 1131 3847 p.
1149 3771 1219 3832 531.
1243 3772 1289 3830 Tu
1305 3790 1387 3833 nunc

226 3869 385 3950 ingenii
414 3865 601 3946 praedivitis
630 3865 731 3928 alite
761 3878 906 3932 vectus
929 3905 970 3915 ·-
993 3870 1109 3932 Tendis
1132 3870 1224 3933 itar.“
1253 3890 1283 3948 p.
1305 3874 1385 3936 5111

228 3973 262 4036 si
283 3992 347 4035 non
368 3968 583 4034 Pindarico
607 3969 807 4033 devolvimus
830 3971 936 4034 alite
960 3989 1085 4036 carmen
1099 3971 1230 4058 victrici
1244 3973 1385 4037 canimus

225 4093 285 4138 nec
312 4077 381 4141 fera
409 4075 492 4137 bella
522 4076 629 4134 tuba.“
664 4093 692 4152 p.
710 4076 786 4137 560:
810 4075 965 4137 Scaevola
989 4073 1204 4138 Pindarico
1235 4074 1384 4139 victrices

226 4175 327 4238 alite
359 4194 481 4254 pugnas
511 4174 675 4252 Felicique
705 4184 796 4238 canet
827 4183 916 4254 parta
947 4183 1078 4254 tropaea
1100 4188 1220 4240 manu“
1245 4179 1295 4259 (cf.
1318 4180 1339 4240 1.
1365 4183 1380 4240 1

226 4299 256 4356 p.
283 4282 336 4341 ll:
359 4279 625 4358 nomenUlyssei
650 4315 690 4326 -
714 4279 874 4342 Insuetum
897 4297 956 4357 per
977 4279 1039 4342 iter
1060 4280 1268 4368 Maeonius
1292 4285 1383 4344 luhos
