3052 4996
687 294 738 406 m

123 511 302 572 cenIImani
327 509 436 585 Gyae
459 510 620 571 mentione
644 510 786 586 pluribus
811 508 963 585 expedire
988 517 1018 570 et
1040 510 1159 582 jactare
1183 512 1283 574 Gratii

120 615 204 688 Cyn.
231 628 355 672 versum
380 615 435 672 di:
474 617 624 671 matres
655 613 725 692 ausi
759 617 940 671 tractare
970 612 1129 673 deorum“
1163 611 1284 696 (lleins,¹

119 714 207 775 Ado.
233 713 310 774 lta
341 733 369 789 p.
388 711 484 797 212),
521 729 559 772 ex
592 731 654 788 quo
686 713 832 774 videatur
862 712 1100 791 Peerlkampius
1128 713 1284 796 (sortasse

121 820 294 878 immemor
318 815 413 877 Statii
437 817 535 876 Theb.
562 817 610 875 XI.
638 817 693 876 12:
723 817 961 900 temerator)
996 819 1140 892 potuisse
1163 818 1285 893 aliquid

122 919 288 996 suspIcari
310 919 350 978 de
375 917 492 978 Orione
515 919 637 978 Dianae
661 925 900 979 tractatore.

632 1117 783 1214 XXVII.

215 1293 329 1353 Eadem
355 1290 541 1351 emendandi
566 1291 647 1350 ratio
671 1292 798 1350 videtur
820 1292 1030 1368 ingredienda
1049 1309 1141 1364 esse,
1166 1312 1227 1369 quo
1244 1295 1284 1354 de

124 1396 268 1456 carmine
297 1393 344 1452 IV.
379 1394 428 1461 14,
460 1395 476 1453 I
522 1393 651 1453 tollatur
685 1410 747 1452 vox
782 1411 844 1452 nou
879 1395 983 1453 minus
1018 1395 1058 1454 ad
1092 1397 1282 1456 sententiam

123 1497 261 1574 ignava,
293 1513 384 1570 quam
415 1511 527 1555 versus
556 1495 695 1554 amnonis
713 1481 876 1555 'damnosa
911 1497 1043 1576 (recIIus
1074 1497 1156 1557 enim
1187 1500 1284 1559 sentit

121 1599 280 1660 Lebrsius
306 1617 331 1674 p.
357 1598 522 1666 CXXXIII,
545 1614 636 1671 qiram
660 1596 812 1657 Frankius
835 1598 915 1657 Fast.
943 1598 1046 1659 Horat.
1071 1619 1100 1676 p.
1127 1598 1217 1682 III):

383 1715 634 1790 Spectandus
659 1715 696 1773 in
720 1716 879 1780 certamina
903 1717 1047 1778 Martio

384 1818 542 1877 Devota
563 1817 681 1877 morti
705 1824 879 1892 pectora
901 1819 1063 1879 liberae

447 1919 617 1988 Quantis
641 1919 839 1995 fatigaret
863 1921 1011 1980 ruinis.

123 2040 285 2117 Expedita
309 2040 393 2099 enim
416 2038 597 2108 conjectura
619 2038 762 2099 ducimur
784 2039 822 2099 ad
845 2040 1068 2116 suspicandum
1091 2060 1110 2103 a
1132 2061 1281 2120 gramma-

124 2143 201 2202 ticis
233 2141 316 2217 quod
345 2148 431 2201 esset
466 2141 641 2217 vulgatius:
679 2148 884 2202 certamen
917 2143 1016 2223 (Virg.
1041 2148 1117 2205 Aen.
1142 2146 1204 2206 XII.
1231 2149 1281 2218 ta,

126 2248 199 2308 790.
247 2244 335 2304 Ouid.
359 2243 431 2303 liet.
458 2244 530 2303 Vlll.
555 2246 611 2303 20:
647 2244 743 2320 rigidi
767 2247 1182 2307 certaminaltlartis.“
1228 2249 1282 2312 Sil.

125 2349 176 2409 IX.
205 2349 279 2409 136:
302 2347 475 2421 Poenoque
497 2352 592 2422 negat
616 2347 841 2407 certamina
863 2347 1033 2408 Martis“
1058 2350 1094 2408 cl.
1117 2352 1194 2411 370:
1218 2368 1281 2412 me-

125 2451 200 2512 diae
231 2451 403 2510 certamme
427 2458 585 2525 pugnae.“
627 2449 659 2506 V.
686 2450 754 2510 574.
799 2448 886 2526 Virg.
910 2451 987 2510 Aen.
1012 2452 1048 2516 X.
1075 2453 1133 2512 146
1159 2460 1190 2513 et
1215 2454 1282 2515 Val.

123 2555 225 2613 Flaca
248 2553 297 2611 III.
324 2553 399 2613 bid:
430 2551 661 2611 certamina
689 2551 826 2610 belli.“
871 2551 985 2628 Wopk.
1009 2553 1119 2613 lustin.
1143 2555 1163 2614 Ι.
1189 2557 1217 2624 3,
1245 2558 1283 2626 II

127 2676 157 2733 p.
172 2657 227 2730 22)
252 2654 489 2730 interpretando
504 2654 625 2714 nomini
648 2655 809 2713 turbine
831 2655 1023 2730 adscriptum
1036 2655 1137 2716 fuisse
1158 2654 1281 2739 (Heius.

126 2758 206 2819 Adv.
231 2757 281 2817 IV.
308 2762 323 2817 6
350 2775 378 2832 p.
396 2757 466 2816 662.
512 2755 567 2815 Sil.
593 2754 627 2813 ll.
654 2755 688 2812 l:
712 2772 791 2829 quos
815 2756 981 2816 turbine
1004 2756 1145 2818 Martis
1168 2762 1281 2821 Abstu-

125 2861 164 2921 lit
187 2879 250 2922 una
272 2861 374 2921 dies.“
419 2860 467 2918 XI.
494 2860 570 2919 101:
604 2859 741 2919 Confusa
765 2860 859 2920 nimis
884 2860 1053 2921 Gradivi
1083 2865 1306 2930 turbine‘z'

126 2964 163 3026 V.
189 2965 265 3024 350:
298 2964 374 3023 tutis
398 2979 417 3022 a
440 2960 601 3021 turbine
624 2977 783 3038 pugnae
808 2964 980 3023 Constituit
1004 2967 1115 3025 castris
1126 2976 1144 3000 ‘⁴
1174 2967 1211 3027 cl.
1231 2969 1280 3028 IV.

124 3069 203 3127 230:
239 3067 364 3126 medius
396 3102 435 3110 -—
465 3081 623 3142 pugnae
656 3072 746 3125 rocat
780 3065 907 3142 agmina
936 3074 1091 3129 vortex.
1138 3070 1185 3129 Xl.
1212 3073 1280 3132 523.

125 3168 287 3230 Claudian.
305 3169 496 3230 6666166.
515 3169 553 3228 36
578 3169 692 3228 Onon:
716 3170 882 3229 turbine
905 3169 1011 3229 belli
1035 3172 1072 3231 cl.
1088 3171 1281 3250 Senrigam.

126 3276 203 3335 rat:
235 3288 364 3331 rerum
397 3269 550 3354 turbo),
586 3271 617 3330 id
646 3271 751 3347 ipsum
781 3279 888 3332 autem
919 3273 1052 3333 subinde
1082 3275 1113 3334 in
1144 3275 1282 3336 medium

122 3391 252 3434 versum
281 3375 402 3434 illatum
432 3373 616 3433 abolevisse
639 3389 750 3432 vocem
779 3373 924 3448 proxIme
954 3376 1170 3450 superiorem,
1201 3394 1282 3452 quae

124 3494 195 3536 com
218 3477 334 3536 litteris
360 3476 397 3536 in
421 3491 486 3534 cer
512 3472 634 3558 (parum
652 3476 736 3536 enim
756 3475 884 3535 differre
909 3477 996 3536 irae
1019 3477 1112 3538 docet
1135 3479 1281 3554 frequen·

122 3581 249 3640 tissima
279 3579 453 3638 litterarum
484 3594 527 3636 ce
551 3586 613 3638 eta
641 3578 678 3637 cl.
701 3579 728 3634 V
761 3569 792 3637 et
822 3595 935 3640 vocum
963 3581 1095 3640 minae
1126 3587 1157 3639 et
1191 3581 1280 3641 irae

122 3682 217 3742 Drak.
242 3682 308 3742 Liu.
333 3682 381 3740 IX.
406 3684 435 3750 I,
462 3683 478 3739 3
509 3700 538 3757 p.
558 3681 595 3742 58
620 3680 811 3755 permutatio
845 3681 881 3740 cl.
906 3681 1067 3742 ClaudIan.
1083 3683 1117 3742 R.
1134 3683 1281 3744 Proslll.

124 3785 185 3844 266
211 3785 315 3844 iram.
330 3782 438 3843 Monet.
463 3801 508 3860 pr.
534 3781 642 3864 inde)
667 3801 728 3842 non
753 3784 822 3859 plus
846 3784 1061 3859 discreparet,
1086 3803 1178 3860 quam
1200 3792 1281 3845 tur-

123 3886 218 3945 bine
247 3886 299 3944 vel
337 3886 515 3946 turmine
544 3886 641 3946 Drak.
672 3883 726 3945 Sil.
752 3885 799 3945 lIl.
825 3887 884 3945 att
916 3905 945 3962 p.
963 3887 1025 3945 264
1057 3903 1126 3946 cum
1154 3885 1280 3969 (cer)-

124 3988 292 4047 tamine:

339 4088 596 4165 Spectandus
620 4087 681 4151 irae
705 4089 742 4149 in
767 4090 932 4149 turbine
950 4089 1104 4150 Martio.

124 4193 234 4266 ltaque
258 4193 354 4252 talem
378 4192 456 4252 dicit
478 4192 629 4252 Horatius
654 4192 830 4260 Neronem,
861 4191 987 4266 qualem
1010 4191 1158 4251 Labicum
1183 4189 1281 4250 Silius

122 4296 156 4354 V.
183 4297 260 4355 569:
291 4297 504 4355 nitidissimus
528 4296 643 4354 irae“
675 4291 727 4378 (ct.
751 4294 799 4353 VI.
826 4297 900 4377 bil:
938 4294 1135 4353 venerandus
1160 4292 1281 4382 irae).¹
