3026 4988
687 301 751 374 tot

136 478 240 548 dicia,
265 493 347 552 quae
370 477 577 538 connubia
599 475 770 538 satellitum
794 495 921 537 suorum
938 485 1098 539 sacrarent
1120 480 1293 556 auspice

136 582 352 660 pugione“

227 683 317 754 Quod
347 700 441 758 quum
480 683 524 742 111
558 681 617 751 sit,
656 697 749 756 quum
785 681 863 743 illud
897 681 1060 753 Bentlejus
1098 700 1295 760 nequaquam

137 787 368 856 edisseruerit,
398 803 460 861 qrro
493 784 619 845 tandem
649 791 741 861 pacto
773 784 843 846 lieri
872 786 1031 860 potuerit,
1060 793 1094 846 ut
1115 787 1295 857 Phoebo,

137 889 384 965 quamproprie
408 895 442 947 et
466 887 584 948 usitate
608 887 671 947 dici
694 889 857 964 auspicem
891 894 1067 957 constaret,
1095 895 1140 949 lot
1163 906 1293 949 consen·

137 991 287 1067 tientium
328 981 525 1051 librariorum
567 991 656 1050 turba
701 1007 917 1051 successorem
959 990 1048 1051 daret
1088 993 1295 1062 Teucrum,

139 1110 234 1170 quem
258 1094 420 1169 auspicem
445 1092 510 1152 dici
533 1092 633 1153 latina
656 1092 852 1153 consuetudo
877 1110 937 1152 non
956 1097 1117 1167 pateretur
1139 1088 1191 1174 (cl.
1205 1093 1293 1172 Glap-

136 1197 222 1261 11111.
246 1197 279 1254 Β.
304 1195 383 1256 Gild.
409 1198 486 1258 500:
516 1195 641 1255 Illius
664 1195 875 1271 auspiciis
900 1195 1053 1254 immensa
1075 1211 1133 1270 per
1155 1183 1295 1271 aequora

136 1301 232 1360 miles
254 1333 296 1344 —-
320 1308 444 1375 regor.“
491 1295 996 1380 61111111111.46411261),
1020 1315 1077 1373 pro
1102 1303 1188 1357 certo
1212 1297 1293 1357 alfii·-

136 1417 224 1464 11111
249 1401 350 1486 ausim
374 1401 435 1460 duo
461 1400 532 1470 illa,
557 1415 638 1474 quae
663 1416 702 1460 ex
727 1377 850 1475 aliquot
873 1399 1037 1459 codicibus
1060 1404 1189 1459 enotata
1207 1406 1296 1462 suut:

136 1504 272 1580 auspice
294 1503 453 1562 Phoebo
486 1507 517 1561 et
550 1502 682 1578 auspice
713 1502 846 1563 Teucri
876 1494 1023 1584 (quorum
1053 1501 1132 1561 illud
1153 1502 1293 1578 arripue-

136 1613 209 1667 runt
222 1603 384 1677 Bentlejus
403 1610 433 1664 et
446 1605 627 1665 Meinekius
641 1604 877 1681 Hauptiusque,
902 1606 964 1664 hoc
976 1605 1238 1682 Peerlkampius),
1254 1606 1294 1667 ad

137 1725 195 1768 eos
220 1707 388 1768 referenda
412 1723 485 1767 esse
510 1713 675 1777 auctores,
701 1707 755 1782 qui
781 1707 864 1782 quod
888 1707 1087 1767 invenissent
1100 1707 1232 1769 difficile
1255 1709 1294 1770 ad

137 1810 337 1870 enodandum
366 1826 402 1870 ac
434 1809 552 1870 vitiose
585 1809 752 1885 scriplum,
783 1810 815 1869 id
839 1826 966 1884 quoquo
996 1808 1089 1868 modo
1113 1810 1294 1886 corrigendi

136 1912 293 1990 im'petum
317 1913 486 1989 cepissent.
526 1912 612 1982 Quos
635 1912 719 1972 unde
744 1913 877 1988 primum
895 1911 933 1971 ad
949 1913 1026 1974 hoc:
1049 1913 1180 1988 auspice
1195 1915 1293 1974 Teu-

137 2034 221 2084 cro,
250 2014 367 2075 deinde
396 2015 435 2075 ad
466 2015 600 2075 Teucri
633 2014 806 2076 dellexisse
844 2013 1027 2090 sensimque
1057 2014 1097 2074 ad
1124 2014 1173 2086 id,
1210 2016 1294 2092 quod

137 2119 277 2179 omnium
301 2122 332 2176 et
355 2117 562 2202 novissimum
587 2123 634 2176 est
651 2122 683 2175 et
699 2117 914 2178 levissimum:
945 2115 1105 2178 Phoebo
1128 2120 1294 2190 aberrasse

136 2221 260 2289 dicam,
284 2219 492 2296 probabiliter
515 2219 656 2294 prolerre
682 2219 793 2280 videor
816 2221 893 2280 boc:
922 2225 959 2280 at
990 2220 1161 2296 auspite¹
1187 2221 1293 2280 turis

136 2322 189 2402 (cl.
215 2321 375 2382 Claudian.
407 2323 438 2380 L.
471 2319 537 2380 Ser.
564 2322 621 2381 186
659 2338 799 2382 curam.
828 2323 939 2382 Moret.
968 2337 1015 2398 ap.
1045 2320 1153 2382 Heius.
1186 2342 1217 2399 p,
1232 2322 1298 2384 921),

135 2431 307 2485 tenerum
331 2426 367 2483 cf.
385 2423 492 2484 Heins.
517 2423 596 2483 Adv.
613 2425 648 2482 ll.
667 2424 704 2486 19
728 2443 758 2500 p.
775 2426 835 2485 362
861 2430 892 2484 el
916 2424 997 2484 Nott.
1024 2424 1133 2484 Catull.
1160 2443 1188 2501 p.
1205 2423 1293 2508 648).

136 2528 204 2597 Quo
229 2527 336 2603 posito
361 2532 392 2586 et
415 2543 569 2587 concesso
593 2529 645 2586 vel
669 2543 709 2587 ea
731 2544 765 2586 re
788 2528 916 2597 ductus,
941 2527 1025 2602 quod
1048 2527 1127 2587 nihil
1148 2544 1293 2602 umquam

136 2630 371 2706 permutatione
402 2647 513 2689 vocum
552 2629 734 2706 auspicii
766 2637 799 2689 et
829 2630 1009 2705 hospitii
1045 2629 1203 2690 eccidisse
1232 2631 1292 2690 111-

137 2733 288 2808 quentius
312 2739 343 2792 et
367 2733 408 2792 iis
431 2732 512 2791 locis
537 2733 733 2792 intellectum
758 2739 825 2802 est,
857 2743 936 2806 quos
959 2731 1176 2808 disceptarunt
1198 2731 1291 2792 Hein-

136 2836 204 2895 sius
227 2834 429 2895 1111111116
455 2853 483 2911 p.
502 2836 563 2895 413
588 2840 638 2904 et,
663 2849 757 2909 quem
779 2834 945 2895 laudarunt
961 2835 1155 2896 Burmannus
1177 2836 1292 2896 Lucan.

136 2934 185 2994 lV.
204 2936 261 2995 131
287 2954 315 3010 p.
331 2936 392 2995 611
419 2941 450 2994 et
472 2935 715 3012 Oudendorpius
738 2937 829 3013 Apul.
855 2935 928 2994 illel.
952 2935 985 2996 V.
1010 2955 1039 3012 p.
1058 2937 1129 3008 351,
1152 2938 1291 2998 Draken-

137 3038 288 3099 borchius
311 3039 377 3098 Liu.
401 3038 479 3097 xxi.
503 3039 533 3108 2,
559 3041 587 3108 5,
612 3044 644 3098 et
675 3037 748 3098 aliis
771 3039 896 3108 multis,
927 3045 961 3098 ut
984 3038 1073 3098 Ouid.
1096 3038 1293 3110 repullit,

139 3141 197 3200 1611
224 3147 255 3200 et
278 3138 373 3200 Nonii
396 3138 556 3210 Marcelli,
587 3157 667 3214 quos
692 3155 880 3215 expromere
909 3159 970 3200 non
1003 3147 1109 3212 vacat,
1145 3142 1291 3216 equidem

137 3261 197 3303 non
222 3242 332 3302 dubito
356 3241 507 3301 librorum
530 3243 700 3303 memorias
724 3259 876 3304 revocare
899 3243 937 3302 ad
961 3243 1044 3303 hunc
1067 3250 1196 3304 statum:

222 3345 286 3405 Nil
311 3345 612 3420 desperandum
635 3347 790 3405 Teucro
813 3345 913 3405 (11111
937 3347 973 3406 ad
996 3345 1110 3428 hosplta
1134 3345 1227 3409 1111111.

136 3448 202 3509 lloo
234 3447 317 3508 enim
341 3448 463 3506 'Teucer
492 3465 555 3507 non
585 3454 693 3523 sperat
723 3447 836 3518 modo,
866 3447 924 3506 sed
948 3448 1106 3523 Apollinis
1137 3465 1292 3525 responso
1319 3457 1322 3464 '

136 3551 236 3610 lretus
274 3547 404 3612 conlidit
439 3555 511 3624 post
548 3564 672 3608 errores
711 3549 925 3625 quantoslibet
964 3555 1152 3625 perventum
1186 3551 1226 3610 111
1258 3552 1290 3610 111

136 3658 282 3711 terram
307 3651 516 3726 hospitam
548 3649 647 3734 (Virg.
672 3654 748 3712 Aen.
774 3652 823 3711 lll.
852 3650 937 3735 589).
990 3650 1165 3728 Hospita
1187 3658 1290 3713 autem

138 3754 184 3814 sic
208 3753 290 3814 dixit
313 3752 479 3824 lloratiuS,
503 3759 537 3813 ut
560 3755 659 3815 Silius
682 3753 732 3813 Vl.
758 3755 833 3815 308:
863 3754 959 3814 durus
989 3754 1113 3814 lacilem
1138 3771 1208 3832 per
1234 3755 1291 3815 in-

136 3855 305 3931 hospita
327 3854 443 3915 ducere
473 3855 603 3916 vitam.“
637 3855 686 3914 lV.
711 3857 787 3915 itt:
818 3855 907 3916 ducis
938 3856 1039 3917 nudus
1070 3862 1157 3918 tanta
1186 3856 1293 3916 inter

139 3957 354 4032 inhospita
388 3963 499 4018 vertex
536 3956 680 4018 Saevitia
716 3959 854 4034 quatitur
892 3959 1005 4018 coeli“
1044 3956 1152 4043 (quem
1185 3959 1292 4020 omisit

138 4059 285 4120 Bartbius
308 4057 383 4119 Stat.
408 4059 504 4120 Theb.
529 4059 577 4118 lV.
603 4060 664 4118 841
688 4078 717 4136 p.
744 4057 849 4143 1295).
