3026 4988
706 351 768 427 125

163 521 301 593 Quorum
331 525 473 586 loeomm
503 526 656 586 rationem
687 527 804 590 habere
833 527 1019 606 Seydertum
1043 547 1170 608 quoque
1193 533 1318 612 fugerat

162 643 212 702 ap.
237 625 396 687 Muetzell.
412 629 491 688 Aett.
514 628 553 688 ad
576 644 628 688 res
649 646 751 706 gymn.
774 632 888 706 pertin,
920 633 1001 694 teau
1024 651 1053 709 p.
1071 633 1131 694 584
1155 651 1226 696 eum
1250 652 1319 698 ver-

161 747 231 788 sum
256 729 305 788 sio
325 730 523 792 scribendum
538 746 612 792 esse
627 731 826 793 arbitratum:
849 734 978 812 fingitur
996 735 1133 808 artibus,
1156 737 1223 798 lam
1237 756 1319 802 uuae

160 837 201 892 ut
226 831 370 893 incestos
394 842 466 893 -.“

657 1169 659 1176 s
684 1069 800 1166 txlt

246 1242 367 1314 Quibus
391 1244 436 1305 ita
458 1244 645 1304 deliberatis
668 1249 699 1303 et
723 1245 880 1320 expositis
910 1261 1004 1320 quum
1029 1247 1108 1309 salis
1131 1247 1252 1324 liqueat
1274 1251 1315 1312 de

157 1361 240 1406 voce
264 1352 435 1415 matura,
466 1363 559 1420 quam
581 1346 821 1422 Peerlkampius
852 1346 975 1407 uiderat
1004 1347 1113 1418 „male
1143 1351 1315 1414 convenire

157 1465 227 1508 curn
259 1447 483 1522 sequentibus,
519 1447 573 1509 ubi
603 1446 713 1508 eadem
743 1447 833 1524 virgo
863 1448 978 1510 dieitur
1012 1466 1137 1512 amores
1172 1452 1313 1514 incestos

156 1549 306 1609 meditari
336 1549 382 1608 de
411 1533 553 1609 tenero
583 1551 749 1626 ungui“‚
784 1551 1005 1627 explicandum
1035 1557 1084 1613 est
1106 1552 1147 1614 de
1169 1552 1312 1625 ejusdem

155 1652 305 1712 carminis
330 1651 472 1714 versibus
493 1653 533 1712 25
547 1667 631 1728 squ:

371 1754 443 1815 llox
463 1752 596 1834 juniores
618 1754 778 1829 quaerit
800 1754 949 1818 adulteros

368 1857 448 1918 luter
470 1855 567 1919 norltl
589 1853 655 1919 rina
676 1871 804 1931 neque
829 1857 970 1935 elegit,

429 1959 502 2019 Cui
527 1959 652 2019 donet
674 1958 936 2034 impermissa
957 1959 1102 2035 raptim

286 2073 289 2082 “
401 2095 403 2100 .
500 2060 673 2130 Gaudia,

154 2178 235 2236 quos
266 2162 352 2221 idern
381 2162 620 2238 Peerlkarnpius
655 2163 686 2221 in
724 2161 971 2222 controversiam
1008 2161 1138 2222 adduxit
1171 2159 1238 2222 his:
1275 2161 1308 2220 in

153 2263 294 2339 vulgatis
328 2282 390 2323 non
431 2273 518 2325 recte
560 2265 752 2325 conveniunt
781 2251 956 2338 'quaerit
997 2277 1125 2338 neque
1164 2261 1308 2339 elegit.

154 2364 286 2436 Quaerit
306 2362 450 2436 juniores
472 2383 542 2428 cum
561 2365 682 2439 judicio
707 2373 739 2426 et
761 2365 900 2426 arbitrio.
953 2363 988 2423 Si
1010 2381 1072 2424 non
1104 2363 1220 2442 elegit,
1249 2365 1307 2426 sed

151 2465 280 2538 jubetur
303 2474 334 2526 et
358 2475 504 2538 vocatur,
527 2487 589 2528 non
613 2469 690 2528 licet
714 2469 745 2529 ei
769 2481 940 2542 quaerere,
964 2465 1021 2524 sed
1037 2480 1110 2526 esse
1124 2465 1219 2526 debet
1235 2482 1307 2528 oorr-

152 2575 241 2629 tenta
272 2570 369 2631 etiam
400 2586 487 2630 sene.
538 2571 615 2632 Puto
647 2566 948 2646 interpungendum:
988 2566 1073 2626 inter
1101 2567 1205 2626 mariti
1232 2568 1308 2629 vina

152 2687 259 2748 neque
285 2673 415 2749 elegit.“
471 2674 633 2734 Adversus
657 2689 747 2748 quam
771 2669 1075 2746 argumentationem
1098 2667 1179 2728 nihil
1202 2669 1307 2730 attulit

152 2780 206 2832 aut
236 2773 415 2836 Meinekius
446 2783 499 2835 aut
529 2775 680 2835 Lehrsius
713 2791 741 2848 p.
767 2773 825 2833 ult.
882 2769 945 2830 Sed
974 2769 1057 2830 enirn
1085 2770 1252 2845 multiplex
1274 2776 1306 2829 et

152 2876 290 2937 maxime
321 2879 507 2953 scrupulosa
536 2877 725 2950 relinquitur
753 2875 938 2950 disputatio.
992 2872 1074 2944 Quid
1102 2867 1210 2932 enim?
1242 2888 1304 2947 quo

152 2979 277 3040 tandem
302 2985 395 3054 nacto
416 2979 605 3049 juniores
629 2977 789 3038 adulteros
819 2978 986 3040 memorari
1006 2976 1151 3053 potuisse
1173 2975 1303 3038 arbitra-

153 3077 254 3140 bere?
285 3098 355 3140 nam
378 3081 406 3139 si
429 3081 652 3156 Peerlkampio
683 3080 867 3150 assentiriS,
898 3080 1058 3156 sequitur,
1088 3079 1122 3141 id
1145 3079 1230 3155 quod
1258 3079 1303 3140 iu-

151 3183 373 3243 consideratae
397 3191 445 3243 est
468 3184 674 3251 temeritatis,
704 3189 738 3242 ut
768 3181 1039 3244 adolescentulam
1068 3183 1234 3260 suspicere
1258 3183 1303 3243 in-

151 3300 298 3344 cursasse
333 3285 487 3347 adulteris
527 3293 627 3348 semet
664 3287 736 3363 ipsa
772 3284 951 3356 junioribus
993 3283 1085 3367 („se
1124 3286 1302 3346 minores

151 3387 276 3461 quaerit
299 3387 522 3470 adulte1·os“);
557 3389 607 3449 sin
629 3389 746 3448 Aaroni
770 3394 800 3446 et
824 3387 926 3447 doctis
950 3387 1093 3454 omnibus
1123 3389 1226 3450 credis
1249 3388 1302 3451 ad-

149 3490 272 3548 ulteros
306 3488 370 3548 dioi
400 3505 478 3550 sene
508 3492 621 3551 marito
648 3488 807 3560 juniores,
843 3503 930 3548 mera
958 3493 1104 3562 portenta
1131 3506 1238 3551 narras
1261 3491 1302 3550 de

151 3589 300 3650 Romanis
325 3590 502 3667 virginibus
526 3610 545 3652 a
567 3593 733 3653 senibus
757 3591 830 3651 duci
853 3591 968 3651 solitis.
1003 3589 1083 3660 Quid
1105 3586 1193 3650 tum?
1215 3605 1300 3649 men-

150 3692 240 3752 tione
263 3699 402 3752 rnaturae
425 3695 561 3770 virginis
590 3696 672 3756 laeta
701 3701 861 3772 poetaene
884 3692 1090 3754 assiliendum
1114 3692 1220 3751 statim
1241 3693 1301 3753 luit

150 3794 186 3854 ad
212 3793 408 3854 notationem
431 3795 572 3873 conjugii
594 3798 792 3858 communi
814 3796 982 3872 flagitio
1006 3789 1148 3870 proditi?
1195 3789 1300 3863 Quid?

149 3913 255 3956 nonne
278 3899 437 3972 propositi
466 3899 642 3978 argumenti
670 3900 770 3961 forma
798 3901 859 3960 hoo
890 3897 1079 3975 postulavit,
1108 3902 1143 3956 ut
1165 3895 1300 3971 virginis

150 3999 283 4059 erimina
305 4006 351 4060 tot
374 4001 443 4061 lere
464 4001 612 4079 gradibus
636 4001 921 4079 distinguerentur,
945 4006 1021 4073 quot
1045 4015 1102 4059 sua
1114 3998 1301 4073 opinatione
1360 4061 1364 4064 .

149 4103 241 4164 finxit
265 4104 437 4178 Cruquius:
468 4106 629 4180 „primum
660 4107 699 4164 ab
726 4105 858 4165 infantia
887 4103 1017 4163 docetur
1049 4103 1138 4179 virgo
1161 4102 1301 4164 molliter

150 4207 268 4266 saltare
298 4222 476 4282 corpusque
505 4220 651 4266 movere:
686 4207 805 4266 nubilis
843 4207 961 4282 cogitat
991 4205 1130 4280 incestos
1159 4222 1300 4268 amores:

150 4312 249 4384 nupta
274 4305 364 4377 jubet
389 4306 533 4379 juniores
563 4307 724 4368 adulteros
754 4307 898 4368 invitari:
936 4307 1018 4367 inter
1044 4307 1159 4384 pocula
1187 4308 1300 4388 deligit
