3026 4988
687 355 749 424 125

133 531 282 600 „darnae
305 525 495 604 platyceroti
519 527 607 586 color
629 527 723 587 dorso
748 526 908 586 subflavus
932 533 980 585 est
1004 542 1072 587 curn
1097 527 1184 587 linea
1206 529 1296 605 nigra

133 649 196 709 per
220 633 347 692 dorsum
370 664 410 673 —
433 629 534 689 latera
558 625 626 699 ejus
650 628 820 704 aliquando
843 627 974 687 maculis
997 628 1076 688 albis
1099 627 1296 706 distinguun-

133 743 218 796 tur“
241 735 335 794 testis
360 739 409 792 est
434 739 519 791 recle
543 731 609 792 dici
632 731 931 807 superpictum,
956 736 989 789 ut
1013 733 1182 806 pantheras
1205 730 1293 792 aSo-

134 837 208 897 lino
224 839 262 898 ll
280 855 311 912 p.
327 836 377 896 21.
400 835 436 894 F:
461 835 634 908 pantherae
646 866 687 876 -
699 833 827 894 minutis
843 831 994 892 orbiculis
1010 834 1299 917 superpictae,

136 939 185 997 ita
209 942 244 996 ut
268 934 403 996 oculatis
427 949 468 993 ex
491 933 578 993 lulvo
602 935 729 994 circulis
753 935 808 993 vel
827 933 953 993 caerula
965 933 1018 991 vel
1033 935 1105 994 albu
1121 935 1298 1013 distingua-

135 1045 190 1098 tur
214 1038 298 1114 tergi
321 1037 496 1113 supellex“
520 1035 558 1095 ol.
579 1035 669 1095 Ovid.
693 1035 765 1095 Met.
790 1035 838 1094 ill.
864 1036 939 1096 669:
962 1035 1295 1110 pictarum—tera

137 1156 276 1214 corpora
304 1139 558 1214 pantherarum.“
605 1138 779 1198 Verborum
808 1141 913 1196 autem
943 1143 975 1195 et
1002 1136 1159 1198 delectum
1189 1146 1222 1199 et
1246 1159 1293 1200 or-

137 1242 247 1301 dinem
276 1239 354 1301 satis
386 1240 518 1315 probant
550 1246 580 1298 el
609 1238 745 1299 Halieut.
777 1238 877 1298 ubi:
914 1237 954 1296 Ut
977 1238 1086 1313 pavidi
1109 1241 1238 1316 lepores
1262 1250 1293 1302 et

135 1345 251 1402 fulvo
282 1348 451 1418 tergore
478 1340 643 1401 damae“
681 1338 735 1422 (cl.
758 1339 866 1399 licina.
897 1338 976 1400 Adv.
991 1340 1080 1401 1119
1111 1360 1140 1418 p.
1157 1341 1232 1426 311)
1263 1351 1295 1404 et

135 1445 289 1505 Valerius
318 1443 447 1502 Flaccus
470 1443 493 1501 l.
517 1443 573 1502 89:
614 1442 702 1502 dabit
734 1442 894 1502 auratis
928 1448 959 1500 et
998 1443 1192 1504 cornibus
1227 1447 1294 1522 igni

137 1547 254 1606 Colla
275 1552 393 1620 pater“
418 1550 449 1604 et
472 1542 604 1603 Ovidius
627 1542 700 1603 Met.
724 1542 773 1602 Ill.
798 1544 875 1603 tot:
907 1542 1106 1619 Virginea
1128 1563 1293 1622 puerum

136 1649 226 1709 ducit
250 1663 307 1723 per
330 1647 424 1706 litora
447 1646 616 1718 lorma“·,
647 1644 680 1704 in
703 1645 818 1706 bestiis
850 1651 954 1706 autem
976 1649 1163 1723 praevalere
1186 1651 1295 1728 tergi

136 1751 332 1810 mentionem
366 1747 555 1807 documento
589 1753 659 1806 suut
694 1746 792 1807 Silius
822 1748 871 1807 IV.
904 1749 981 1809 56³:
1014 1751 1114 1826 agitet
1149 1751 1293 1829 Gargano

137 1860 258 1928 terga
279 1852 486 1910 ferarum.“
510 1849 545 1907 X.
566 1850 643 1910 loa:
666 1851 818 1925 resupina
840 1849 968 1911 citato
991 1851 1153 1922 Proiectus
1176 1854 1294 1915 dorso

136 1954 237 2014 ferret
267 1968 335 2011 cum
365 1951 532 2010 membra“
561 1949 622 2038 (cf.
645 1951 680 2010 V.
705 1951 783 2011 284:
814 1951 916 2012 dumis
940 1954 1024 2040 subit
1047 1987 1087 1998 -
1111 1955 1200 2031 lepus
1225 1972 1295 2015 ore

138 2053 282 2138 citato“)
307 2060 338 2112 et
361 2053 403 2120 ii,
428 2069 507 2126 quos
531 2051 763 2140 norninanimus
783 2054 872 2114 Anni.
889 2053 979 2130 Prop,
996 2054 1045 2113 XI.
1069 2057 1164 2132 pbl.
1196 2058 1292 2118 Deni-

139 2174 202 2232 que
226 2157 266 2216 de
292 2156 363 2216 vitii
387 2153 512 2231 origine
536 2156 731 2214 commodum
756 2161 804 2214 est
828 2163 859 2215 et
884 2157 972 2216 illurn
994 2157 1194 2219 librariorum
1208 2176 1292 2221 erro-

139 2276 205 2319 rem
229 2258 359 2325 afferre,
390 2257 430 2316 de
461 2274 522 2332 qno
547 2256 655 2316 dicere
687 2258 824 2334 ingressi
854 2276 959 2318 sumus
984 2258 1006 2328 l,
1036 2266 1069 2319 et
1090 2261 1152 2320 boc
1174 2261 1291 2322 addere

141 2378 250 2437 parum
274 2358 403 2419 differre
426 2358 503 2418 illud
527 2364 842 2419 nataruntaecore
857 2357 959 2441 (Valg.
976 2379 1007 2437 p.
1022 2363 1092 2420 484.
1109 2361 1143 2444 b)
1166 2371 1198 2422 et
1219 2366 1295 2424 hoc:

141 2467 465 2524 natarunttercore
489 2461 525 2520 cl.
543 2461 621 2520 XLV
645 2479 673 2536 p.
692 2461 740 2520 88.
778 2460 897 2531 Quibus
912 2463 957 2521 ita
974 2462 1131 2538 expositis
1148 2465 1176 2523 si
1191 2466 1241 2525 ciri
1255 2467 1294 2526 de

140 2565 279 2624 Horatio.
304 2580 388 2622 nova
415 2568 553 2622 monstra
582 2563 715 2637 loqunto
748 2581 807 2623 nos
838 2564 901 2638 ipsi
930 2570 1069 2624 monstra
1096 2582 1222 2625 narrare
1248 2567 1295 2639 jn-

140 2666 336 2733 dicabimur,
368 2664 396 2722 is
421 2665 500 2724 sciat
523 2680 581 2723 nos
606 2663 733 2751 quidem
762 2681 821 2724 nec
849 2684 906 2741 pro
932 2667 1066 2726 veritate
1089 2668 1229 2728 emenda
1250 2673 1296 2729 ul-

140 2769 204 2827 lum
234 2768 376 2826 laborem
408 2766 559 2842 defugere
592 2774 624 2826 et
654 2768 705 2825 vel
738 2768 784 2826 sic
819 2767 921 2827 minus
951 2768 991 2828 ad
1020 2769 1195 2829 audendum
1225 2787 1295 2845 pro-

138 2869 241 2940 jectos
267 2884 356 2936 esse,
380 2884 472 2942 quam
495 2873 620 2928 ceteros
644 2884 762 2928 ornnes.

224 2971 373 3045 Denique
410 2970 464 3044 qui
498 2985 539 3028 ne
569 2970 609 3029 de
640 2974 776 3031 versui
817 2971 960 3046 quidem:
995 2988 1120 3047 pecus
1156 2986 1296 3035 omne“

140 3072 252 3133 babuit
276 3072 433 3147 quomodo
458 3072 641 3145 expediret,
667 3073 820 3132 Lebrsius
843 3091 872 3148 p.
885 3072 966 3131 XXX
990 3091 1052 3134 non
1071 3071 1296 3137 animadvertit

139 3176 317 3250 piscium
348 3190 476 3251 genus
506 3177 568 3234 ull
598 3193 659 3235 non
691 3176 793 3235 minus
822 3191 949 3252 genus
980 3193 1094 3237 omne
1123 3179 1295 3239 natantium

139 3278 241 3358 (Virg.
268 3276 381 3352 Georg.
406 3274 454 3334 111.
481 3274 556 3359 511)
580 3277 737 3354 intelligi,
773 3295 865 3352 quarn
890 3280 998 3353 priore
1021 3282 1091 3341 loco
1114 3281 1297 3342 universum

138 3379 246 3440 Protei
270 3393 416 3456 gregem,
451 3384 616 3452 utramque
645 3385 749 3439 autem
779 3379 973 3438 mentionem
996 3381 1158 3454 pertinere
1181 3382 1219 3442 ad
1243 3382 1296 3441 de-

140 3481 325 3558 signandam
349 3479 464 3539 diluvii
487 3479 553 3538 vim
576 3480 753 3557 ingentem,
778 3496 840 3554 qua
861 3497 924 3538 non
947 3496 1011 3539 una
1034 3496 1103 3549 ora,
1128 3482 1186 3540 sed
1202 3499 1295 3541 omne

139 3585 241 3642 solum
265 3599 301 3642 ac
325 3588 391 3643 tola
413 3588 566 3642 terrarum
589 3582 755 3658 longitudo
776 3580 839 3652 jam
855 3582 968 3641 hausta
982 3581 1151 3640 videretur.
1187 3582 1296 3658 Neque

139 3684 240 3754 idem,
271 3701 338 3743 curn
362 3685 424 3743 hoc
447 3683 510 3744 sibi
533 3685 704 3757 persuadet
733 3702 762 3758 p.
788 3682 868 3742 XXX
902 3681 1184 3743 vehementissime
1214 3684 1297 3745 inter

140 3802 176 3844 se
199 3802 378 3862 repugnare
404 3802 513 3845 versus
537 3787 636 3861 2sq:
660 3786 775 3845 Pater
800 3819 839 3830 -—
863 3787 1041 3846 terruit“
1064 3792 1096 3844 et
1119 3787 1190 3857 illa,
1216 3803 1297 3862 quae

140 3888 179 3946 de
203 3887 301 3948 fluvio
325 3889 474 3948 uxorio
498 3884 598 3969 (Virg.
622 3886 848 3948 Aen.1v.2oo.
874 3888 1231 3964 Claudian.Nupt.Hon.
1248 3890 1295 3948 tu.

139 3990 200 4048 Ino.
223 3990 339 4066 Paneg.
362 3989 441 4050 lla'x.
467 3995 498 4049 et
514 3989 620 4049 Const.
636 3991 666 4060 l,
682 3989 713 4073 1)
734 3989 797 4061 jam
821 4006 857 4049 se
879 3991 1014 4049 ultorem
1038 3989 1142 4050 lliae
1166 3989 1296 4049 nimium

140 4092 287 4165 querenti
309 4089 493 4161 jactante
517 4086 647 4171 (Wopk.
671 4091 783 4151 lustin.
806 4091 912 4150 XXIV.
931 4093 992 4158 5,3
1017 4109 1047 4167 p.
1064 4093 1136 4151 221.
1168 4091 1296 4164 Rupert.

140 4199 172 4250 et
193 4193 319 4254 Weber.
351 4192 492 4252 Juvenal.
509 4193 530 4252 Ι.
547 4191 603 4275 62)
633 4192 751 4269 scripta
780 4199 852 4254 sunt
883 4194 915 4252 in
944 4194 1027 4252 bunc
1046 4193 1172 4251 modum
1194 4209 1223 4251 v.
1242 4193 1296 4255 19:

139 4295 236 4355 lore
266 4311 343 4354 non
375 4297 613 4370 probante“,
644 4313 706 4354 non
737 4294 841 4371 arguit
864 4310 900 4354 se
923 4311 1031 4371 parum
1055 4294 1233 4354 intendisse
1256 4295 1297 4357 iis
