3026 4988
681 353 740 425 121

128 529 269 604 pido“,
294 543 387 603 quern
411 542 536 586 versum
560 525 615 601 qui
631 525 792 600 explicare
808 509 928 588 studuit
940 529 1142 608 Boettigerus
1153 528 1288 589 Arnalth.

127 632 166 691 ll.
192 649 222 707 p.
238 632 318 699 290,
348 629 455 689 omisit
484 628 586 689 Plauti
615 630 727 689 Bacch.
742 627 765 686 Ι.
780 629 809 698 2,
827 631 844 687 a
876 635 907 688 et
936 629 1120 691 Philostrati
1142 631 1195 690 lm.
1209 630 1232 688 l.
1249 630 1288 690 25

128 730 273 814 (Welok.
290 731 348 792 l.2
373 749 401 806 p.
417 729 494 813 215)
524 732 632 800 locos,
656 747 735 806 quos
759 736 832 792 ante
856 731 1008 791 Orellium
1032 751 1061 808 p.
1078 733 1115 794 18
1139 733 1179 794 ad
1202 746 1289 792 coer-

130 834 268 894 cendam
291 832 505 908 Peerlkampii
527 832 691 894 audaciam
714 839 955 909 exprompserat
977 833 1206 910 Bernhardyus.
1241 831 1288 892 Si-

129 937 255 997 militer
291 941 397 995 autern
432 936 610 996 recordatio
647 951 759 995 versus
783 935 804 994 l.
829 934 880 1004 28,
906 935 959 994 14:
993 953 1068 996 non
1097 934 1289 996 sordidus

130 1043 308 1099 auctor“
340 1035 463 1105 effecit,
495 1042 528 1095 ut
561 1036 644 1113 apud
667 1039 827 1098 Lucanum
847 1037 925 1095 Vlll.
951 1038 1027 1097 738:
1061 1053 1120 1098 nec
1143 1035 1289 1097 sordidus

129 1146 279 1200 ustor“
312 1139 343 1198 in
367 1139 448 1199 libro
473 1139 504 1199 S.
529 1139 631 1199 Germ.
654 1141 715 1199 hoc
740 1145 913 1200 erraretur:
949 1138 1096 1200 sordidus
1119 1145 1289 1200 auctor.“

132 1243 180 1302 Gt.
207 1241 369 1302 Claudian.
395 1241 415 1299 l.
439 1256 535 1314 supra
559 1241 598 1300 Vl
621 1248 699 1303 extr.
722 1241 753 1300 d.

659 1456 769 1555 llll.

220 1648 284 1709 Sed
305 1653 430 1724 ternpus
454 1654 502 1707 est
524 1663 637 1708 versas
661 1649 700 1709 39
724 1663 851 1723 qaoque
875 1647 1068 1708 mentionem
1090 1647 1176 1708 fieri:

390 1752 491 1812 Acer
514 1757 551 1810 et
574 1749 663 1813 haur-l
686 1751 844 1827 peditis
868 1757 1073 1815 cruentum

496 1861 499 1867 '
542 1853 691 1912 Vultus
716 1852 947 1913 inhostem.

134 1955 292 2026 Quoniam
316 1954 401 2014 enim
424 1955 589 2015 Lehrsium
612 1971 642 2029 p.
666 1953 791 2014 XXXlll
822 1970 880 2014 nec
902 1953 1115 2030 l'eerllrarnpii
1137 1953 1289 2014 adversus

135 2057 316 2126 Bentlejum
346 2056 522 2132 disputatio
552 2057 652 2118 movit
681 2056 835 2135 (moverat
857 2061 963 2116 autem
984 2053 1196 2124 ltleinelrium,
1227 2070 1290 2113 non

136 2161 213 2220 iteur
237 2156 423 2242 Hauptium)
448 2175 551 2234 neque
574 2161 635 2220 hoc
656 2156 862 2232 pronuntiare
886 2157 1013 2232 puduit:
1036 2157 1289 2231 Oudendorpium

136 2262 285 2336 aliosque
315 2267 422 2321 rectae
451 2262 614 2323 doctrinae
642 2261 805 2322 studiosos
834 2260 941 2320 lacere
972 2259 1155 2336 pueriliter,
1192 2258 1289 2319 incul-

138 2363 271 2423 candum
301 2365 364 2424 hoc
394 2369 443 2423 est
473 2381 492 2425 a
521 2364 608 2424 nullo
639 2364 768 2425 allatum
797 2375 887 2430 esse,
918 2379 972 2421 cur
995 2361 1192 2422 notissimum
1215 2357 1291 2442 (scit

135 2466 206 2541 ipse
236 2463 416 2546 Bentlejus)
446 2464 600 2527 Marsae
631 2464 772 2526 cohortis
803 2463 897 2523 robur
925 2462 1047 2522 librarii
1076 2461 1199 2523 Mauri
1223 2478 1290 2540 pe-

8 2589 15 2596 ·
134 2565 241 2626 ditis
268 2567 423 2628 mentioni
447 2568 674 2642 posthabuisse
698 2565 889 2626 viderentur.
934 2563 1036 2634 Quare
1061 2571 1092 2624 et
1114 2565 1290 2626 modestius

135 2675 167 2728 et
199 2669 335 2728 cautius.
356 2669 414 2729 luit
446 2671 476 2729 ei
505 2669 588 2744 parti
618 2669 755 2737 intendi,
792 2668 825 2727 in
855 2683 948 2741 quarn
980 2668 1099 2740 primus
1130 2668 1290 2742 quaesivit

136 2771 223 2831 Gust.
253 2769 441 2832 Schwabias
472 2771 547 2854 Mus.
578 2771 677 2854 Rhen.
704 2768 784 2830 1832
815 2787 846 2844 p.
863 2769 1061 2840 arr-tar,
1094 2785 1198 2844 neque
1229 2771 1290 2830 hoc

135 2873 228 2932 rnodo
253 2871 466 2943 considerari,
496 2890 589 2949 quarn
619 2887 718 2947 saepe
749 2871 888 2931 Romana
918 2871 1006 2932 acies
1028 2870 1153 2931 Marnos
1183 2878 1289 2932 truces

137 2968 238 3054 (Calp.
263 2974 328 3034 Ecl.
351 2975 399 3033 IV.
424 2976 481 3054 40)
510 2975 728 3050 Gaetulosque
757 2980 790 3034 et
812 2971 962 3033 Numidas
992 2990 1028 3034 ac
1050 2973 1205 3051 Massylos
1236 2990 1289 3034 ex-

136 3082 227 3149 perta
257 3076 299 3135 sit
330 3076 455 3151 pedites
485 3077 597 3136 hostes
626 3073 716 3158 (Sall.
741 3077 810 3152 lug.
836 3077 886 3145 50,
911 3067 941 3136 3‘.
979 3076 1028 3146 51,
1053 3075 1104 3160 3),
1142 3077 1200 3136 sed
1229 3077 1290 3136 hoc

136 3177 240 3253 ipsum
268 3175 331 3249 jain
362 3193 400 3239 ex
431 3180 492 3239 hoc
528 3178 666 3239 carmine
697 3177 837 3248 addisci,
874 3194 954 3253 quos
992 3179 1147 3248 „insidiis
1182 3179 1290 3255 potius

137 3278 362 3348 clandestinis,
400 3297 491 3354 quam
522 3279 715 3356 proeliorum
752 3281 928 3342 stabilitate
959 3283 1096 3342 confisos
1108 3290 1127 3315 ‘⁶
1164 3288 1291 3357 praeter

137 3397 209 3450 eos,
241 3398 322 3455 quos
352 3379 515 3452 Bentlejus
547 3387 694 3442 auctores
725 3382 828 3450 dedit,
859 3381 1041 3442 Ammianus
1071 3382 1162 3441 ltlarc.
1185 3382 1290 3440 XXIX.

138 3486 167 3551 5,
183 3484 199 3541 l
225 3482 351 3553 scribit,
376 3497 432 3543 eos
453 3481 623 3558 aliquando
641 3483 729 3544 visos
744 3498 818 3542 esse
832 3484 900 3543 lere
916 3483 1015 3551 tales,
1040 3483 1151 3556 quales
1166 3481 1289 3542 Suevos

136 3582 238 3644 fuisse
261 3591 413 3644 memorat
436 3583 626 3646 Guillerrnus
645 3587 739 3661 Apul.
755 3585 790 3644 ll.
809 3585 886 3644 160:
910 3582 1008 3643 Saevi
1031 3616 1073 3626 -
1094 3583 1183 3642 firmo
1207 3588 1290 3644 stant
1401 3573 1402 3576 ¹

138 3687 239 3761 pede,
262 3693 435 3762 postquam.
451 3689 660 3765 Deponuntur
683 3689 776 3762 equis
800 3720 850 3745 -.
897 3687 997 3765 Magis
1021 3689 1081 3748 hoc
1104 3692 1175 3746 sunt
1191 3683 1290 3744 Marte

137 3788 288 3858 timendi,
323 3787 420 3858 Quam
442 3788 514 3860 dum
537 3797 609 3850 sunt
632 3791 789 3866 equites.“
834 3790 899 3850 Sed
921 3790 997 3865 quid
1020 3786 1163 3866 pluribus
1187 3804 1291 3848 rnorer

139 3891 170 3950 in
198 3895 291 3968 parte
322 3887 500 3966 opinabili?
557 3891 717 3952 Succurrit
755 3892 839 3952 enim
875 3908 926 3952 res
962 3910 1024 3952 non
1054 3891 1156 3951 solum
1186 3906 1289 3950 rerum

138 3998 298 4071 gestarum
321 3993 475 4054 memoria
496 3999 689 4064 contestata,
721 4010 830 4054 verum
860 3993 956 4054 etiarn
987 3999 1152 4068 poetarum
1182 3993 1289 4052 carmi-

140 4096 232 4156 nibus
264 4094 436 4164 illustrata,
468 4111 560 4170 qnam
588 4096 739 4157 alfirrnern
762 4097 815 4155 hic
838 4096 1048 4172 rignifimrorn
1071 4110 1144 4154 esse
1166 4096 1205 4154 ab
1227 4095 1289 4156 Ho-

141 4196 230 4257 ratio.
267 4195 328 4266 Qui
342 4196 395 4256 vix
416 4195 544 4256 dubium
561 4197 687 4257 videtur
708 4213 782 4256 esso
802 4199 876 4272 quin
901 4203 1107 4257 cruentum
1132 4197 1290 4258 hostem

141 4297 257 4358 dixerit
294 4297 466 4358 Laevinum
503 4298 734 4369 Privernatem,
772 4301 941 4361 Maurum
976 4297 1153 4376 peditem
1188 4301 1289 4382 tyren
