3026 4988
693 363 734 434 al

126 532 331 612 probabilius
355 531 470 601 scribi,
502 550 593 608 quam
615 537 806 609 reddens
831 553 1042 619 repetens,
1073 556 1283 629 recolenS,

125 637 296 714 fugiens
328 633 468 716 diximus
495 634 618 696 Subsic.
649 638 769 714 eapll.
799 661 828 718 p.
846 641 889 728 8).
943 649 1133 726 Quamquam
1155 657 1284 720 brevius
1332 631 1335 638 Ι

64 775 73 796 .
126 740 214 800 idem
243 737 379 798 suadere
410 736 555 797 videmur
585 739 632 799 sie
655 759 768 816 posse,
799 745 827 804 si
858 747 998 811 dieamus
1029 751 1283 834 interpretandae

126 825 219 902 vocis
252 839 388 899 renuit
417 839 520 915 gratia
549 857 568 899 a
597 845 809 930 grammaticis
840 850 983 911 alteram:
1016 855 1153 919 timuit
1177 879 1283 939 super-

126 943 279 1018 scriptam
302 942 403 1000 fuisse
433 941 470 1002 of.
494 943 585 1002 Anth.
608 945 675 1026 Lat.
700 946 829 1016 Quintil.
853 951 959 1013 Sedul.
982 956 1013 1016 ll.
1037 958 1086 1019 dd.

214 1044 361 1118 Denique
386 1042 555 1104 videndum
578 1051 627 1105 est
647 1047 687 1106 de
701 1050 807 1112 verbis
829 1072 937 1116 mare
960 1062 1177 1136 turbidum,
1202 1084 1283 1142 quae

126 1148 246 1207 a'vero
271 1145 394 1205 detorta
423 1161 497 1206 esse
522 1152 554 1206 et
576 1149 769 1212 firmissimis
801 1161 1119 1240 argumentissupra
1142 1186 1283 1245 compro-

127 1248 274 1310 bavimus
299 1255 331 1307 et
353 1247 448 1308 facile
477 1250 529 1307 vet
555 1249 578 1309 ii
603 1254 795 1326 concedent,
826 1260 880 1334 qui
907 1262 947 1321 de
970 1266 1121 1341 reliquis,
1153 1286 1283 1344 quarum

126 1357 277 1412 auctores
302 1349 434 1419 fuimus,
464 1349 691 1414 mutationibus
722 1359 907 1423 existiment
938 1384 1034 1441 posse
1058 1371 1184 1449 ambigi.
1230 1377 1282 1435 At-

127 1470 192 1529 que
218 1453 242 1513 ii
266 1452 410 1528 quidem,
443 1451 498 1528 qui
528 1454 743 1534 Peerlkampii
772 1459 813 1520 de
842 1482 902 1523 usu
924 1468 1014 1528 vocis
1043 1470 1206 1534 infamis
1230 1492 1282 1537 ex·

126 1556 278 1632 plicantis
293 1553 468 1615 rationibus
477 1564 657 1630 moventur,
672 1560 808 1622 fortasse
825 1566 886 1626 hoo
901 1571 1078 1643 proferent:
1094 1582 1282 1638 monstra-

126 1658 188 1729 Qui
209 1656 290 1717 vidit
313 1672 415 1716 mare
438 1662 475 1716 et
498 1659 668 1721 horrido
690 1663 822 1728 infames
846 1672 996 1747 scopulos
1006 1683 1024 1708 “
1047 1671 1096 1757 (ut
1106 1678 1225 1739 Auson.
1241 1682 1283 1741 td.

125 1761 191 1819 XV.
217 1763 250 1821 5:
274 1775 378 1818 mare
402 1761 572 1836 naufragus
595 1763 740 1825 horror
758 1766 964 1838 trifarnat.“
987 1775 1059 1837 Hor.
1079 1778 1176 1856 Epod.
1193 1782 1228 1841 X.
1248 1785 1282 1844 3:

126 1860 319 1921 horridis
350 1867 517 1936 utrumque
548 1867 697 1926 verberes
728 1868 826 1939 latus,
858 1875 991 1946 Auster,
1020 1888 1177 1942 memento
1206 1885 1281 1945 ftu-

128 1964 295 2024 et'ibus.“
341 1964 438 2024 Carm.
462 1963 510 2024 ΙΙΙ.
537 1966 586 2036 24,
610 1970 668 2028 ro:
693 1970 862 2033 horrida
885 2009 926 2018 —-
948 1977 1076 2040 vincunt
1105 1998 1283 2059 aequora

92 2088 96 2093 ·
127 2046 276 2127 nautaeff
302 2064 412 2125 Avien.
429 2066 538 2143 Progn.
555 2069 627 2153 tm:
654 2089 711 2130 nos
735 2073 839 2148 ipsum
863 2076 911 2147 id,
937 2080 1021 2154 quod
1044 2101 1139 2159 supra
1162 2103 1282 2162 ponere

128 2167 245 2229 subiit:
269 2173 435 2238 „monstra
458 2171 598 2230 natantia
642 2171 701 2242 Qui
725 2175 805 2234 vidit
827 2195 913 2239 mare
935 2183 1138 2257 turbido“,
1173 2191 1213 2249 ob
1236 2191 1282 2250 ni-

127 2272 222 2331 miam
244 2271 427 2330 sententiae
449 2271 613 2332 levitatem
636 2275 717 2335 adeo
739 2275 802 2348 jam
825 2297 1006 2357 gravamur,
1036 2293 1069 2345 ut
1100 2287 1218 2367 insigni
1247 2293 1282 2352 li-

129 2373 303 2434 brariorum
318 2372 427 2432 fraude
443 2389 530 2434 mare
547 2377 752 2437 turbidum
769 2380 956 2444 arbitremur
969 2388 1171 2464 subrogatum
1182 2393 1284 2453 fuisse

128 2476 161 2536 in
184 2477 289 2598 tocgrm
312 2474 450 2534 nominis
474 2476 680 2538 Ibericum.
727 2481 867 2558 Namque
889 2485 1093 2548 Ibericum
1116 2509 1202 2552 mare
1220 2513 1283 2556 non

127 2579 250 2646 minus,
285 2594 377 2652 quam
398 2577 604 2653 Erythraeum
635 2576 794 2661 (bochart.
818 2583 853 2643 It.
891 2586 1016 2650 Hieroz.
1039 2591 1075 2650 V.
1102 2594 1138 2654 12
1162 2611 1192 2668 p.
1206 2595 1283 2680 742)

128 2681 246 2740 infame
269 2679 418 2739 monstris
441 2679 543 2739 fuisse
565 2683 659 2742 testis
684 2691 732 2744 est
748 2685 911 2761 Oppianus
924 2689 992 2750 Hal.
1004 2692 1039 2750 V.
1055 2694 1112 2753 56:
1137 2693 1284 2760 Hottu'm
1324 2775 1327 2782 Α

127 2786 182 2847 καὶ
206 2778 333 2856 νήεσσιν
355 2776 424 2862 ἰίγει
448 2782 519 2856 δέος
542 2773 716 2848 feudum
733 2781 904 2870 Ἕσπὲριον
933 2787 1010 2854 κατὰ
1034 2791 1155 2859 πόντον
1172 2788 1283 2880 Ἰβηρι·

126 2883 184 2950 κόν
211 2881 331 2964 (κήτεα)
367 2891 398 2944 et
434 2902 514 2960 quos
550 2887 637 2947 addit
671 2889 906 2953 Wernsdorfius
940 2895 1077 2962 Halieut.
1100 2901 1139 2962 os
1174 2920 1204 2977 p.
1224 2903 1282 2964 182

126 2992 158 3051 P.
182 2991 216 3049 L.
240 2987 279 3047 M.
302 2989 334 3046 Τ.
359 2989 379 3046 l.
410 2989 447 3048 ef.
471 2988 614 3049 Parthen.
639 2991 674 3050 fr.
700 2993 749 3052 XI.
774 3013 802 3070 p.
819 2997 895 3056 267:
921 2987 1057 3086 Ἰβηρίτῃ
1080 2998 1208 3068 uterium
1231 3000 1285 3065 ἐπ’

128 3085 276 3176 αἰγιαλῷ.

214 3194 296 3270 Ergo
321 3195 382 3252 hoe
405 3199 599 3270 compertum
629 3200 725 3269 atque
749 3199 947 3274 exploratum
970 3201 1097 3271 videtur
1127 3223 1199 3266 esse
1221 3208 1282 3268 Ho-

127 3296 202 3356 ratii
231 3297 320 3356 illum
353 3295 456 3355 locum
485 3296 524 3354 ab
555 3296 647 3365 initio
685 3299 901 3376 consignatum
931 3303 1032 3364 fuisse
1055 3307 1086 3366 in
1110 3309 1283 3369 hune-fere

127 3401 268 3460 modum:
556 3383 558 3390 ¹

342 3499 458 3571 Quem
481 3502 621 3561 mortis
645 3501 743 3565 renuit
764 3504 942 3579 gradum,

386 3602 509 3666 ttrsertts
533 3604 669 3664 oculis
692 3611 871 3666 monstra
893 3611 1078 3669 natantia

341 3704 418 3776 Qui
440 3705 549 3766 vidit
571 3723 674 3766 mare
700 3705 810 3771 tberteo
836 3715 874 3767 et,

386 3805 555 3866 infames
580 3809 778 3881 scopulos
800 3811 1132 3874 Acroceraunia?

126 3913 244 3970 Verum
281 3909 429 3982 quoniam
468 3909 499 3967 in
537 3909 647 3970 ultimo
685 3925 778 3970 versu
815 3914 945 3974 nimium
989 3916 1143 3977 laboravit
1180 3917 1283 3979 Peerl-

127 4013 294 4088 kampiuS,
330 4011 462 4084 primum
500 4010 599 4078 Statii
624 4013 722 4071 Theb.
748 4011 796 4070 ΙΙΙ.
825 4015 900 4075 121:
934 4005 974 4075 Ut
1005 4033 1081 4076 vero
1112 4019 1283 4080 infames

128 4117 280 4193 scopulos
323 4115 499 4189 silvamque
541 4115 724 4190 profundam
767 4116 954 4178 Perventum
996 4120 1118 4200 (‚‚dieit
1161 4123 1285 4198 pridem

130 4217 330 4294 Sphingis
358 4216 597 4282 insessione
622 4201 783 4276 infames“
811 4219 920 4282 schol.
943 4221 1011 4280 Vet.
1036 4240 1065 4297 p.
1081 4223 1155 4300 106)
1179 4233 1211 4285 et
1234 4227 1284 4286 Vl.

130 4322 204 4380 155:
245 4319 412 4390 silvaeque
448 4317 611 4378 infamis
648 4320 772 4378 tramite
810 4321 902 4394 liquit
942 4325 1153 4398 (‚,pericutis,
1192 4345 1285 4404 quam

1076 4429 1093 4490 6
