3052 4996
786 338 831 408 48

407 515 633 574 Caecubum
657 517 696 570 et
719 511 835 586 prelo
859 508 1046 569 domitam
1071 511 1218 570 Caleno

406 617 457 676 Tu
481 613 561 678 Irllree
584 631 710 675 uvam:
735 628 818 673 mea
841 627 913 671 nec
937 610 1135 670 Falernae

406 718 649 792 'temperant
674 715 782 773 vites
806 729 935 789 neque
958 712 1162 774 Formiani

600 817 750 878 Pocula
772 817 912 876 colles.

234 925 282 984 De
305 940 367 997 quo
391 937 486 980 versu
510 921 654 980 laborare
677 917 860 995 supersedit
878 916 1029 978 Lehrsins
1055 935 1083 993 p.
1103 917 1165 976 tm
1180 935 1225 992 sq.
1250 919 1283 977 ln
1300 925 1399 995 parte

236 1023 498 1100 al’eerllrampio
522 1027 695 1082 monstrata
718 1020 919 1082 festinantius
951 1020 1149 1095 exspatiatus
1180 1020 1240 1090 ita,
1275 1028 1309 1080 ut
1337 1020 1399 1080 hio

237 1141 364 1203 quoqne
391 1125 585 1202 significaret
616 1141 634 1182 a
664 1121 768 1183 tirone
798 1122 991 1182 scholastico
1022 1121 1177 1182 ellutitnm
1206 1127 1328 1182 temere
1357 1122 1397 1181 id

236 1245 360 1291 cannen
384 1243 476 1297 esse,
500 1227 540 1287 de
565 1243 626 1302 quo
651 1225 802 1285 universo
827 1224 974 1285 nirnIrnm
998 1223 1061 1284 sibi
1086 1225 1149 1300 ipsi
1163 1243 1225 1286 non
1242 1225 1397 1300 liqueret,

235 1339 402 1410 postquam
424 1331 532 1390 inesse
556 1344 754 1404 nequaquam
779 1328 890 1402 Inepta
914 1328 1069 1397 omnium,
1094 1344 1173 1403 qnos
1197 1328 1229 1388 in
1245 1328 1396 1405 legendis

235 1433 359 1495 Horatii
384 1431 541 1508 poematis
566 1429 719 1505 deinceps
745 1434 888 1488 versatos
920 1444 993 1488 esse
1023 1430 1185 1498 nordmns,
1215 1445 1395 1488 consensus

234 1535 397 1607 judicavit.
442 1533 544 1605 Quare
568 1530 747 1592 laciendum
771 1536 838 1600 est,
864 1530 946 1607 quod
967 1538 997 1592 et
1017 1532 1091 1591 huic
1105 1533 1241 1608 tempori
1255 1533 1397 1592 maxime

238 1634 383 1715 congruit
406 1641 438 1696 et
461 1650 518 1712 per
541 1650 576 1692 se
600 1633 776 1693 modestius
798 1651 836 1694 ac
859 1635 1057 1693 reverentius
1083 1642 1148 1704 est,
1178 1641 1212 1694 ut
1237 1637 1393 1704 eluantur,

238 1755 319 1816 quae
348 1737 411 1810 jam
445 1737 571 1813 penitus
607 1736 873 1795 inveteraverunt.
931 1736 1020 1807 Quod
1051 1737 1147 1814 Igitur
1183 1739 1215 1798 in
1253 1743 1394 1797 extrema

239 1841 306 1913 ejus
323 1839 471 1901 carmInis
487 1844 577 1917 parte
594 1837 731 1915 positum
749 1838 826 1897 satis
843 1838 1177 1914 placueratBentlejo:
1199 1841 1244 1898 Tu
1259 1841 1392 1908 bibes,

239 1945 271 2006 id
294 1941 539 2012 Doederlinins,
571 1941 622 2002 cni
646 1939 854 2017 suffragantur
877 1939 1033 2016 Hauptius
1066 1947 1097 2000 et
1121 1941 1316 2012 laudatius,
1347 1943 1393 2001 sic

239 2046 466 2124 expoliendum
497 2044 635 2105 censuit:
674 2043 762 2100 Tum
793 2042 902 2110 bibes,
940 2042 1158 2104 Buechelerus
1197 2052 1302 2106 autern
1333 2047 1394 2122 huq

240 2166 279 2210 ex
305 2149 403 2208 Carm.
427 2148 476 2217 111,
503 2147 553 2217 21,
577 2148 595 2206 6
621 2151 652 2204 et
674 2143 773 2220 Epod.
797 2143 880 2214 13,6
904 2145 979 2204 hoc:
1009 2143 1054 2205 Tu
1077 2156 1237 2206 moves“
1262 2147 1392 2224 repetiit

239 2251 425 2319 verissime,
448 2257 482 2309 ut
503 2250 604 2309 visum
630 2252 679 2306 est
702 2245 926 2322 lleynemanno
950 2248 991 2307 de
1006 2250 1154 2328 Interpol.
1179 2269 1208 2326 p.
1225 2253 1282 2324 493
1307 2250 1392 2312 deni-

240 2370 302 2430 que
325 2353 505 2430 Ilruegerus
529 2352 607 2411 Mus.
633 2349 731 2409 llhen.
765 2350 843 2408 latr
875 2349 936 2409 hoc
965 2352 1147 2427 proposuit:
1178 2353 1223 2410 Tu
1247 2353 1392 2428 liques.

239 2456 393 2532 Equidem
416 2455 509 2516 laudo
534 2468 647 2514 novam
669 2453 766 2521 hano,
798 2469 890 2526 quam
913 2449 962 2510 vir
985 2452 1189 2514 doctissirnus
1221 2456 1393 2530 quaes1vit,

240 2559 454 2627 molitionem,
492 2557 635 2633 improbo
664 2555 767 2632 ipsum
797 2553 846 2622 id,
886 2553 970 2627 quod
999 2554 1196 2615 machinatus
1229 2562 1294 2626 est,
1333 2571 1395 2632 qno

242 2660 448 2723 commoditas
471 2658 626 2720 orationis
650 2664 745 2734 atque
769 2655 929 2716 urbanitas
954 2656 1098 2716 videatur
1118 2675 1226 2734 parum
1242 2656 1396 2730 adjuvari.

241 2766 322 2838 Quid
351 2770 455 2825 autem
486 2763 556 2822 fieri
588 2767 694 2837 potest
724 2766 778 2820 ant
802 2758 981 2836 elegantius
1004 2767 1057 2821 aut
1078 2760 1210 2831 justIus,
1246 2779 1341 2837 quam
1363 2769 1399 2822 ut

242 2869 370 2927 verbum
407 2865 526 2927 bibes
562 2880 600 2923 ex
634 2863 800 2936 superiore
836 2864 925 2932 loco,
961 2864 1014 2924 ubi
1044 2883 1100 2941 pro
1132 2864 1399 2942 interpretatione

241 2969 381 3045 positum
404 2972 486 3034 erat,
516 2971 550 3024 ut
580 2970 701 3024 temere
732 2965 776 3023 ita
806 2965 960 3024 Invitante
991 2967 1063 3041 ipsa
1086 2967 1260 3027 litterarum
1283 2967 1398 3028 slmili-

241 3073 352 3133 tudine
384 3071 505 3130 illatum
532 3067 596 3140 jam
618 3068 743 3128 tandem
768 3069 966 3145 expellamus
996 3086 1115 3146 easque
1138 3073 1398 3157 resecernns'litf

241 3182 345 3244 teras,
376 3189 458 3248 quae
488 3188 529 3232 ex
552 3173 742 3249 contagione
774 3172 862 3231 illius
885 3188 988 3232 noxae
1011 3169 1198 3234 remanent?
1229 3181 1398 3251 postquam

244 3278 328 3337 enirn
350 3277 479 3336 verbnm
503 3275 620 3334 bibes
644 3273 706 3334 sibi
729 3273 902 3351 assumpsit
924 3292 1036 3335 uvam
1056 3292 1095 3337 ex
1108 3277 1271 3337 commodo
1288 3277 1398 3337 immu-

242 3386 338 3440 tatam
368 3378 554 3454 praesertIm
587 3384 648 3436 tam
678 3377 816 3436 secunda
846 3375 983 3437 nominis
1007 3393 1091 3439 mea
1117 3375 1321 3463 (uvamea)
1353 3379 1397 3438 vi-

244 3482 345 3552 cima,
380 3480 451 3540 fieri
479 3498 541 3540 non
570 3480 673 3556 potult
705 3479 780 3554 quin
805 3495 843 3538 ea
866 3480 953 3540 labes
977 3481 1153 3557 pertirreret
1177 3483 1216 3542 ad
1240 3484 1301 3543 dno
1327 3482 1399 3541 illa:

245 3585 438 3646 Caecubum
462 3589 494 3643 et
516 3582 696 3643 domitam.
742 3584 983 3643 Restituendum
1005 3590 1110 3644 antem
1133 3585 1205 3645 dico
1231 3601 1304 3646 esse
1330 3601 1397 3644 ver-

244 3688 317 3746 bum
347 3702 406 3746 nee
435 3685 568 3754 litteris,
604 3691 638 3744 ut
668 3704 763 3762 supra
793 3687 947 3756 dimus,
985 3687 1053 3756 illi,
1091 3689 1176 3762 quod
1206 3687 1397 3758 ejiciendum

245 3789 443 3858 censuimus,
467 3789 596 3848 multum
619 3788 778 3848 dissirnile
804 3794 834 3848 et
859 3789 953 3864 paulo
978 3789 1169 3850 insolentius
1193 3791 1268 3851 hoo:

460 3891 634 3953 Caerulo
659 3898 696 3950 et
720 3893 837 3968 prelo
862 3891 1005 3956 domito
1028 3894 1183 3955 Caleno

458 3997 509 4056 Tu
531 3995 597 4058 illes
619 4013 691 4058 uro.

247 4100 313 4172 Quo
347 4101 459 4161 eodem
489 4099 581 4160 modo
619 4104 782 4176 peccatum
819 4114 891 4158 esse
926 4099 1009 4172 apud
1038 4098 1238 4160 Aldhelmum
1266 4119 1295 4178 p.
1319 4100 1397 4160 862:

247 4204 434 4264 Thuriscare
455 4203 542 4274 jubet
565 4217 740 4280 munusque
764 4201 918 4261 ollerre
941 4203 1091 4262 DIanae“
1122 4209 1256 4263 testatur
1280 4203 1397 4263 Grono-

248 4307 319 4364 vius
343 4306 431 4365 Obss.
456 4307 537 4367 Eccl.
561 4306 624 4364 llll.
657 4325 685 4382 p.
710 4305 787 4364 222:
821 4303 884 4374 „Et
914 4304 966 4363 lric
997 4304 1123 4364 obsidet
1146 4323 1164 4364 a
1187 4305 1321 4364 scholiis
1354 4307 1397 4365 ln-
