3052 4996
747 383 767 451 5

181 573 300 616 mernor
332 557 364 617 id
393 558 515 633 ipsum,
553 558 637 632 quod
668 563 754 617 esset
783 557 921 617 omniurn
954 554 1195 633 pravissimum,
1234 565 1266 617 et
1295 559 1336 618 de

181 659 373 731 Claudiano,
397 661 437 720 de
461 676 522 735 quo
548 659 628 720 infra
651 662 873 731 absolvemus,
899 667 930 719 et
953 659 993 718 de
1016 657 1147 719 Horatio
1172 661 1336 737 praecepit

180 777 378 837 causaeque,
410 778 491 838 quae
515 763 567 822 hie
590 763 710 840 agitur,
741 761 871 838 penitus
902 761 1141 838 pernoscendae
1170 762 1251 823 adeo
1281 762 1334 822 de-

179 863 255 933 fuit,
294 869 328 924 ut
359 863 439 924 nihil
469 864 628 924 interesse
664 871 804 925 sumeret
834 865 918 926 inter
946 863 1127 940 lapillorum
1159 870 1190 924 et
1219 881 1335 926 arenae

176 963 310 1036 jactum,
334 982 396 1042 quo
420 967 579 1027 fenestrae
610 973 810 1044 peterentur,
845 973 878 1027 et
899 965 1011 1038 januas
1034 965 1173 1027 vectium
1204 975 1258 1027 aut
1280 984 1333 1044 pe-

179 1067 250 1128 dum
274 1069 326 1128 vel
350 1086 496 1131 saxorum
526 1072 647 1149 impetu
679 1077 711 1131 et
733 1071 767 1130 vi
791 1074 989 1147 expugnatas
1020 1085 1191 1145 earumque
1220 1086 1334 1143 rerum,

180 1188 310 1246 quarum
333 1169 406 1248 post
428 1172 595 1235 Heinsium
619 1181 650 1234 et
673 1172 851 1244 Bentlejum
884 1190 965 1249 opus
996 1177 1083 1237 esset
1107 1171 1335 1249 explicatione,

178 1289 219 1334 ne
242 1291 335 1335 unam
358 1274 486 1351 quidem
510 1277 691 1354 attingeret.
745 1274 875 1336 Scilicet
898 1293 979 1336 nunc
1001 1291 1041 1336 eo
1065 1281 1251 1351 perventum
1275 1282 1334 1346 est,

177 1381 212 1436 ut
236 1375 421 1437 doctissimo
446 1379 561 1454 cuique
585 1397 643 1455 pro
668 1377 792 1439 ratione
807 1378 850 1438 sit
867 1395 925 1438 sua
940 1376 1041 1454 ipsius
1058 1378 1222 1437 voluntas:
1248 1379 1335 1438 velut

178 1480 260 1540 alius
285 1479 426 1555 quidam,
462 1497 557 1556 quem
586 1483 669 1543 inter
698 1480 884 1542 tolerabiles
915 1481 1109 1556 interpretes
1133 1496 1151 1539 a
1173 1480 1334 1540 nonnullis
1436 1509 1439 1514 ·

177 1582 290 1642 referri
320 1583 435 1653 audio,
471 1601 583 1644 vocem
612 1583 793 1656 jactibus
831 1583 976 1658 probavit
1013 1582 1162 1658 opinatus
1192 1583 1334 1642 valvas

177 1686 385 1746 fenestrarum
400 1685 607 1747 foraminibus
623 1687 790 1763 oppositas
806 1703 954 1747 saxorum
966 1683 1101 1757 jactibus
1118 1683 1333 1754 intremuisse,

178 1788 283 1848 ictus
307 1793 410 1848 autem
435 1795 521 1848 recte
545 1788 609 1848 dici
633 1789 818 1865 lapidum
840 1791 948 1848 ictus
972 1787 1102 1864 negavit
1122 1787 1332 1864 (555511155-

176 1898 240 1951 tem
277 1910 340 1952 non
371 1893 549 1962 immemor,
586 1894 698 1963 credo,
735 1892 967 1969 Peerlkampii‚
1005 1891 1060 1966 qni
1082 1891 1117 1951 ll.
1151 1891 1188 1951 15
1219 1909 1247 1967 p.
1272 1889 1333 1948 212

178 1995 284 2054 ictus
315 1995 454 2073 intelligi
477 1996 581 2056 vetuit
611 1995 718 2056 ictus
750 1992 883 2078 solis).
939 1994 1013 2070 lpse
1034 1993 1097 2065 jam
1128 1993 1202 2052 nolo
1226 1998 1332 2069 partes

177 2099 213 2158 ab
238 2096 399 2167 omnibus,
436 2099 489 2173 qui
526 2098 746 2158 credulitatem
777 2115 865 2158 suom
899 2097 1087 2158 addixerunt
1123 2094 1333 2171 Porphyrioni

178 2205 209 2259 et
240 2201 373 2260 Acroni:
415 2181 600 2270 „fenestras
630 2200 843 2277 lapidibus
877 2201 1119 2268 incessebant“,
1161 2197 1332 2258 derelictas

178 2304 310 2379 explere
323 2321 436 2363 vocum
460 2303 569 2363 ictus
594 2309 626 2363 51
647 2303 785 2375 jactus
803 2299 998 2386 (jactatus
1015 2303 1049 2361 11.
1066 2301 1211 2362 51515119
1236 2298 1333 2383 11311)

179 2405 243 2465 vim
267 2411 363 2482 atque
387 2423 478 2466 usum
502 2405 725 2466 edisserendo:
756 2406 962 2483 suppeditant.
993 2405 1077 2465 enirn
1110 2403 1174 2464 alia
1203 2409 1236 2463 et
1265 2419 1333 2480 gra-

179 2508 287 2578 viora,
319 2507 434 2583 quibus
462 2524 561 2584 pravo
588 2506 710 2579 judicio
743 2523 851 2569 ornnes
882 2508 922 2568 ad
951 2524 1047 2568 unum
1076 2506 1149 2566 duci
1180 2504 1334 2574 arincam,

180 2615 371 2688 argumenta.
416 2611 552 2672 Primum
576 2612 660 2672 enim
684 2611 756 2672 illa:
780 2610 947 2687 parcius
970 2610 1131 2669 fenestrae
1153 2607 1335 2683 quatiuntur

178 2710 361 2782 jactibus
385 2713 542 2773 crebris
567 2715 618 2773 vel
631 2714 739 2790 potius
763 2713 919 2773 ictibus
945 2711 1064 2771 crebris
1080 2706 1129 2792 (id
1145 2709 1229 2786 quod
1242 2725 1333 2786 prae-

180 2815 253 2875 tulit
275 2816 469 2876 Burmannus
492 2815 582 2891 Prop.
607 2815 627 2874 l.
656 2817 704 2884 16,
737 2816 887 2891 511153
912 2821 944 2874 et
966 2815 1002 2874 11.
1031 2815 1078 2884 15,
1104 2817 1120 2873 5
1152 2832 1182 2890 p.
1201 2813 1261 2873 348
1295 2813 1333 2873 51.

177 2917 254 2978 Prie.
278 2920 369 2995 Apul.
394 2917 467 2979 11151.
484 2919 532 2978 111.
556 2938 586 2996 p.
603 2917 689 3002 365),
714 2919 863 2994 quoniam
887 2922 973 2978 certe
996 2918 1057 2978 hoc
1082 2916 1215 2994 apparet
1239 2923 1334 2993 atque

59 3016 62 3021 ’
178 3026 265 3080 extat
280 3039 341 3081 non
362 3021 473 3094 jactu
488 3022 645 3082 fenestras
662 3023 795 3098 quati,
820 3021 878 3082 sed
897 3021 998 3090 ictu,
1023 3037 1116 3096 quarn
1128 3021 1213 3081 belle
1230 3036 1265 3080 se
1279 3021 1334 3080 ha·

177 3120 269 3184 bentf
300 3124 447 3185 nimirum
477 3126 539 3185 hoc
567 3125 631 3197 jam
658 3126 697 3185 ab
721 3125 963 3202 elegantissimo
995 3130 1092 3201 poeta
1120 3123 1254 3183 indicari
1288 3122 1333 3182 in-

176 3226 315 3303 telligis:
352 3227 509 3287 fenestras
540 3226 659 3288 crebris
691 3227 807 3287 ictibus
838 3228 966 3304 parcius
997 3226 1102 3302 quati,
1140 3226 1333 3301 frequen-

176 3328 258 3388 tius
282 3330 370 3405 quati
393 3329 500 3390 raris
524 3329 649 3390 ictibus.
684 3329 749 3390 Nec
771 3331 833 3390 hae
855 3346 953 3389 voces
969 3329 1088 3398 solum,
1111 3326 1334 3387 verumetiam

176 3432 248 3507 ipse
272 3433 440 3492 verborum
464 3433 541 3492 ordo
557 3432 675 3493 indicat
694 3419 857 3509 separatas
874 3448 971 3492 voces
995 3431 1147 3490 ictibus
1172 3430 1333 3490 crebris

176 3535 276 3594 fuisse
299 3552 318 3594 a
340 3536 438 3595 verbo
465 3535 662 3611 quatiunt.
716 3535 818 3607 Quare
843 3536 895 3594 vel
920 3533 1006 3594 illam
1028 3533 1184 3594 rationem
1206 3532 1333 3592 facilius

176 3638 349 3708 ferremus,
379 3637 408 3697 si
432 3637 503 3713 quis
524 3637 660 3709 juvenes
689 3637 872 3710 jactibus
903 3636 1063 3697 crebris
1094 3633 1161 3718 (vel
1184 3633 1333 3695 litibus

176 3740 274 3800 Carm.
290 3740 339 3799 111.
358 3740 407 3810 lt,
424 3738 478 3823 211)
506 3745 559 3800 551
587 3740 780 3802 coetibus
804 3746 972 3817 protervos
1001 3738 1141 3816 intelligi
1165 3737 1332 3797 voluisset.

175 3843 239 3902 Sed
250 3859 345 3919 porro
361 3858 427 3902 rem
440 3859 618 3920 urgeamus.
653 3843 734 3922 Quid
751 3844 834 3904 enim
849 3845 887 3903 ab
901 3841 996 3913 hujus
1010 3841 1158 3901 carminis
1174 3837 1334 3899 sententia

175 3945 314 4006 alienius
344 3963 489 4006 saxorum
519 3943 709 4006 mentione?
747 3946 862 4023 quibus
891 3945 1019 4022 puellae
1046 3944 1203 4003 fenestras
1234 3957 1332 4017 expu-

172 4055 287 4126 gnatas
324 4064 397 4108 esse
434 4049 471 4110 ab
508 4048 725 4110 amantissimo
763 4064 891 4126 quoque
926 4047 1044 4120 juvene
1080 4045 1150 4122 quis
1186 4059 1333 4120 umquam

175 4149 328 4229 scripsit?
353 4159 440 4212 certe
465 4151 561 4229 longe
584 4150 671 4211 aliud
694 4152 809 4212 docent
833 4157 865 4210 51
879 4148 1033 4227 Apulejus
1047 4147 1119 4208 Met.
1136 4146 1184 4208 111.
1208 4165 1238 4225 p.
1252 4147 1332 4206 aab:

175 4271 301 4326 „suae
331 4255 468 4315 domus
500 4254 627 4326 januam
654 4252 717 4326 jam
745 4254 870 4330 pulsat,
898 4252 1114 4326 jaurdanau,
1141 4249 1205 4324 jam
1235 4267 1331 4312 sano

175 4359 285 4419 fores
306 4360 538 4419 ·verberat“
570 4358 646 4440 (quo
671 4359 742 4418 loco
773 4357 954 4427 „illustrari
977 4354 1148 4416 lectionem
1177 4353 1249 4413 Mss.
1274 4350 1331 4411 ali-
