3026 4988
118 570 255 614 mensae
279 553 341 614 ira
365 552 607 627 percussum
642 553 686 613 ct.
707 554 831 616 Dionea
852 561 961 617 nostra
982 555 1014 618 in
1036 557 1116 619 Actt.
1148 560 1281 621 Darmst.

121 657 207 717 1842
233 675 262 732 p.
282 657 372 716 1205.
418 654 456 715 Et
479 653 573 726 hujus
597 655 725 730 quidem
749 658 930 718 sententiae
954 654 1007 740 (ab
1031 657 1150 720 Orellio
1174 679 1203 738 p.
1219 661 1279 722 104

117 778 186 820 non
209 758 296 835 satis·
314 773 493 834 perpensae
517 764 613 834 atque
641 757 840 843 exploratae)
870 776 909 822 eo
937 759 1042 822 miuus
1065 778 1147 823 nunc
1170 765 1282 840 poeni·

117 869 186 932 tet,
218 861 304 936 quod
333 860 499 920 Lehrsium
529 878 559 937 p.
582 859 648 921 Llll
674 859 737 932 jam
759 861 904 922 videmus
936 863 1147 940 supposuisse
1170 880 1281 926 vocem

119 965 219 1023 vilem
242 963 388 1037 nullique
411 963 610 1023 librariorum
632 961 768 1034 injuriae
786 964 971 1026 obnoxiam:
993 963 1065 1038 Qui
1087 967 1277 1043 geruinaut“

118 1065 220 1140 idque
243 1065 363 1124 fecisse
386 1069 567 1139 contempta
588 1065 777 1126 auctoritate
800 1065 954 1137 Bentleii,
984 1082 1076 1142 quem
1107 1074 1194 1129 recte
1217 1070 1278 1130 hoo

120 1168 313 1240 protulisse:
337 1165 376 1225 Si
400 1166 591 1243 geminant“
612 1164 791 1238 judicarunt
806 1167 986 1230 Meineltius
1001 1173 1097 1245 atque
1113 1168 1278 1247 llauptius

637 1400 768 1498 lxix,

204 1575 356 1647 Ejusdem
378 1575 506 1636 Lehrsii
529 1594 557 1651 p.
583 1575 633 1635 CX
654 1575 791 1637 consilio
815 1579 942 1636 versum
965 1577 1015 1636 lll.
1040 1578 1070 1648 0,
1094 1577 1151 1638 22:

356 1677 485 1738 Motus
509 1677 647 1739 doceri
676 1677 826 1755 gaudet
847 1679 1014 1740 lonioos

357 1777 569 1862 daturavlrga
593 1779 838 1857 attingitur
865 1780 1022 1842 artibus

119 1881 192 1964 (sub
218 1882 383 1956 exemplo,
407 1883 521 1953 credo,
550 1881 779 1958 Peerlkampii:
810 1883 837 1942 Α
859 1887 983 1943 matre
1004 1881 1139 1967 virgo“)
1169 1883 1277 1945 immu-

120 1986 207 2046 tandi
230 1986 284 2044 vel
307 1985 368 2044 sic:
402 1984 652 2060 Matrumque
679 1983 770 2060 virgo
798 1985 927 2061 fingitur
949 1986 1097 2047 artibus“
1131 1985 1184 2044 uel
1206 1985 1276 2053 hac,

120 2103 201 2163 qrrae
227 2088 259 2146 ei
284 2089 390 2163 potior
413 2088 483 2148 visa
514 2093 579 2155 est,
604 2086 743 2147 ratione:
766 2086 935 2148 Romana
956 2085 1048 2163 virgo
1071 2089 1102 2146 et
1119 2086 1276 2162 fingitur“

118 2185 223 2270 (cujus
261 2189 395 2250 rationis
435 2206 495 2267 ego
530 2188 626 2249 video
664 2188 813 2249 extitisse
855 2204 1017 2249 suasorem
1052 2193 1277 2266 auctoremque

116 2289 248 2352 Aritium
272 2291 358 2363 conj.
384 2291 470 2352 llom.
495 2310 522 2368 p.
541 2291 578 2350 21
604 2290 708 2366 Progr.
726 2291 855 2351 Crucen.
874 2292 970 2352 1860:
995 2291 1162 2352 Romana
1183 2291 1275 2370 virgo

119 2402 153 2470 et
176 2393 332 2473 fingier
355 2396 490 2468 artibus3
512 2392 575 2465 jam
595 2408 679 2453 nuuc
702 2399 734 2452 et
757 2393 841 2473 -⁴‘)
864 2394 990 2455 obviam
1013 2393 1149 2453 eundum
1171 2400 1220 2454 est
1244 2401 1275 2456 et

119 2497 340 2558 obsistendum
354 2497 395 2556 iis
411 2495 621 2574 argumentis,
646 2495 760 2570 quibus
773 2494 863 2573 Valg.
887 2511 917 2570 p.
935 2495 1113 2557 300-103
1133 2511 1275 2572 compro·

117 2600 263 2660 lavimus
279 2600 318 2659 ab
337 2597 467 2659 Horatio
484 2612 596 2657 versus
610 2597 749 2658 21-25
765 2615 827 2658 non
843 2598 883 2657 de
896 2598 1032 2658 motibus
1044 2595 1163 2658 ionicis
1179 2601 1275 2672 atque

118 2702 193 2761 aliis
217 2701 354 2771 artibus,
378 2700 436 2760 sed
460 2699 500 2758 de
523 2701 593 2760 sola
615 2699 725 2760 ionica
748 2700 934 2770 saltatione,
959 2716 1020 2774 qua
1042 2699 1162 2759 nullum
1175 2694 1274 2769 majus

118 2811 171 2864 aut
195 2803 418 2866 detestabilius
440 2807 528 2862 esset
551 2817 690 2862 amorum
715 2801 958 2870 irritamentum,
983 2802 1120 2879 scriptos
1143 2814 1232 2861 esse:

334 2904 463 2996 Motus
486 2905 628 2965 doceri
649 2905 798 2982 gaudet
820 2903 986 2965 lonicos

232 3059 238 3072 .
334 3007 488 3068 Matura
511 3008 626 3083 virgo
651 3012 689 3066 et
712 3003 856 3086 frangitur
876 3005 1006 3084 11111111,

372 3110 452 3170 lam
475 3125 577 3169 nunc
600 3114 639 3167 et
662 3109 850 3170 incestos
873 3125 1027 3170 amores

401 3213 473 3272 ,De
496 3218 640 3271 tenero
664 3211 882 3274 meditatur
903 3211 1036 3290 ungui.

118 3315 236 3391 Fingi
260 3315 312 3372 vel
335 3314 467 3392 frangi
490 3314 657 3376 artubus
681 3316 782 3385 enim,
806 3317 891 3391 qtrod
907 3316 992 3377 idem
1009 3319 1057 3375 est
1073 3313 1274 3390 atqueiltud,

120 3417 205 3494 qtrod
227 3415 472 3492 Amphilochius
494 3415 594 3492 Epist.
624 3416 663 3476 ad
686 3417 809 3476 Seleuc.
833 3419 871 3477 02
902 3435 933 3492 p.
949 3418 1019 3476 tet.
1044 3417 1071 3476 Α
1092 3417 1274 3492 usurpavit:

118 3521 224 3603 μελῶν
246 3521 412 3600 λυγισμοῖς
433 3512 706 3600 συγκατακλῶντες
728 3512 823 3600 φύσιν
848 3514 949 3600 (Valg.
981 3534 1010 3593 p.
1027 3517 1088 3577 399
1118 3517 1156 3576 cs.
1174 3517 1272 3592 Toup.

118 3621 270 3684 Emendd.
283 3621 368 3681 Suid.
382 3622 404 3681 l.
430 3638 459 3696 p.
477 3619 562 3703 100),
585 3621 668 3682 nihil
692 3621 826 3697 propius
840 3626 872 3680 et
887 3619 950 3680 sibi
964 3616 1142 3688 adjunctius
1155 3618 1274 3678 habere

120 3740 155 3786 re
179 3725 230 3784 his
254 3724 361 3783 verbis
387 3723 526 3800 prodita:
559 3723 636 3796 jam
658 3739 758 3784 nunc
781 3718 892 3806 (quum
913 3727 1034 3782 matura
1056 3717 1184 3780 tonicos
1208 3736 1274 3780 mo-

120 3835 171 3888 tus
195 3825 299 3905 novit)
323 3832 354 3885 et
378 3827 518 3886 incestos
542 3841 667 3887 amores
689 3827 737 3886 De
760 3831 871 3885 tenero
895 3823 1115 3884 meditatur
1137 3821 1274 3900 ungui“,

122 3947 204 4008 quae
227 3945 294 3991 curn
319 3929 392 3990 aliis
415 3929 497 3990 locis
514 3930 650 3991 illustria
665 3930 799 3996 tacimus
823 3946 852 4004 p.
869 3928 928 3987 103
953 3932 1018 3985 tum
1030 3923 1274 3985 Automedontis

120 4034 353 4111 Epigrammata
369 4032 418 4092 lll.
437 4034 451 4093 1
479 4033 570 4093 Anth.
585 4032 635 4092 Gr.
651 4049 681 4106 p.
699 4033 774 4092 191:
800 4028 864 4105 Τὴν
887 4023 950 4090 ἀπὸ
975 4027 1029 4103 τῆς
1045 4019 1159 4101 Ἀσίας
1182 4021 1274 4108 ὄρχη-

121 4135 252 4218 ospicia,
277 4129 330 4211 tipo
352 4135 556 4216 κακοτέχνοις
575 4130 742 4216 Σχῆμασιν
763 4128 797 4206 ἐξ
819 4125 949 4195 ἁπαλῶν
970 4131 1133 4211 κινυμένην
1156 4119 1277 4211 ὄνιῖχων

121 4237 248 4314 Αἷνέω,
273 4230 332 4318 οὔχ
355 4234 405 4300 ὅτι
428 4234 532 4298 πάντα
554 4240 748 4298 madelveum
773 4224 843 4296 οὔδ’
868 4231 917 4297 ὅτι
933 4227 1043 4314 βάλλει
1072 4225 1277 4308 Τᾶςᾶπαλᾶς

122 4335 252 4413 ἁπαλῶς
287 4328 348 4404 ὦδε
383 4343 436 4404 καὶ
473 4329 533 4404 ὦδε
565 4339 674 4422 χέρας,
711 4338 850 4398 declarat
879 4337 1052 4413 Procopius
1075 4353 1125 4416 ap.
1148 4336 1276 4400 Villois.
