3052 4996
668 373 709 441 21

238 543 321 615 Qua
345 545 467 620 pinus
492 545 639 622 ingens·
661 547 834 621 albaque
858 549 1033 621 populus

237 647 413 707 Umbram
437 649 692 724 hospitalem
716 648 964 708 consociare
988 656 1135 719 amant,

302 748 424 840 iliram,
450 749 548 826 quid
571 751 741 825 obliquo
766 751 927 811 laboret

364 853 535 928 Lympha
557 853 682 930 fugax
704 853 918 938 trepidare
942 855 1048 924 rivo,

237 953 316 1014 Huc
340 955 433 1015 vina
457 961 493 1014 et
516 963 725 1033 unguenta
749 960 787 1015 et
810 957 973 1016 nimium
996 959 1146 1017 breves

234 1056 375 1116 Floras
399 1073 590 1118 amoenae
613 1059 722 1118 ferre
743 1056 841 1130 jube
863 1075 994 1118 rosae.

102 1174 143 1234 Ut
169 1181 218 1234 est
242 1174 291 1234 ΙΙΙ.
317 1177 346 1244 8,
372 1177 405 1234 2:
442 1177 573 1246 „Quid
597 1179 696 1238 velint
727 1178 822 1238 flores
853 1183 885 1237 et
914 1155 1022 1238 acerra
1051 1178 1130 1237 turis
1152 1177 1259 1244 Plena,

103 1278 311 1348 mira1·is“,
336 1294 430 1354 quem
453 1281 557 1340 laeum
581 1281 754 1340 omiserunt
784 1279 938 1340 Heinsius
969 1280 1130 1340 Claudiam
1154 1279 1258 1355 Epitb.

102 1380 178 1440 Pall.
205 1382 242 1440 56
267 1397 296 1454 p.
316 1383 376 1442 529
400 1389 432 1441 et
455 1383 649 1443 Burmannus
672 1384 795 1443 Patron.
820 1385 859 1444 et
885 1401 914 1458 p.
939 1383 1016 1455 4493
1048 1383 1120 1441 hue
1143 1386 1258 1450 autem,

102 1489 136 1540 ut
161 1483 259 1542 Canu.
284 1482 333 1542 Ill.
361 1486 388 1553 1,
414 1485 463 1545 34.
493 1485 591 1560 Epod.
616 1486 694 1545 xvi.
721 1489 776 1555 59,
807 1504 887 1562 quos
917 1485 1006 1544 locos
1036 1483 1141 1545 attulit
1162 1483 1256 1542 Lehr-

102 1584 171 1643 sius
195 1600 224 1657 p.
249 1584 367 1654 LXXV,
392 1591 423 1645 et
446 1587 518 1646 Sen.
543 1590 603 1664 Ag.
629 1591 704 1649 143:
730 1587 952 1664 „Quocunque
975 1604 1025 1646 me
1048 1586 1150 1647 ira-
1166 1586 1256 1654 seret,

102 1686 183 1746 Hue
206 1686 253 1745 ire
277 1697 440 1764 pergam.“

648 1875 712 1970 xt.

188 2049 248 2118 Qui
279 2048 319 2108 ad
348 2055 532 2110 nocturnum
562 2051 729 2119 ambitum,
763 2056 797 2110 ut
826 2051 870 2110 ait
899 2050 1090 2110 Claudianus
1115 2048 1134 2105 i.
1160 2046 1256 2121 iupra

9 2184 12 2188 ·
100 2152 150 2210 ill.
175 2151 240 2226 p.8
264 2151 304 2220 d,
329 2158 452 2225 spectat
475 2168 587 2212 versus
612 2153 660 2211 lii.
686 2154 736 2222 26,
760 2155 794 2212 6;

524 2271 609 2342 Hic,
632 2272 697 2332 hie
722 2271 819 2352 penite
841 2271 937 2334 tuetta

400 2375 570 2435 Funatia
593 2382 630 2434 et
653 2382 794 2435 veetes
819 2381 857 2435 et
880 2394 964 2438 arens

441 2479 656 2554 Oppositis
681 2479 838 2539 foribus
861 2479 1057 2544 minaces,

99 2614 171 2657 eum
195 2599 314 2675 insigni
338 2596 526 2657 documento
551 2599 719 2668 habemuS,
749 2616 841 2673 qiram
865 2599 907 2658 sit
930 2603 1037 2656 rectae
1061 2594 1251 2654 eruditionis

99 2701 263 2760 studiosus
278 2700 440 2760 Lehrsius.
478 2697 548 2769 Qui,
573 2717 667 2773 quum
690 2701 793 2760 laeum
816 2700 879 2770 sie,
903 2707 1048 2773 utsupra
1065 2697 1250 2771 positusle-

98 2804 200 2880 gitur,
224 2803 374 2879 seriptum
397 2802 477 2862 vitio
499 2801 646 2862 affectum
670 2818 743 2861 esse
765 2802 946 2873 Bentlejus,
974 2803 1013 2862 ab
1036 2800 1160 2861 Horatii
1184 2804 1252 2858 arte

97 2905 287 2982 longissime
318 2906 490 2965 abhorrere
514 2906 753 2980 Peerlkampius
783 2907 978 2975 censuisset,
1008 2921 1139 2980 quorum
1171 2903 1250 2962 viro-

97 3024 165 3066 rum
190 3009 388 3084 praescripta
409 3007 598 3068 auctoritate
629 3026 718 3068 suum
748 3010 913 3070 arbitrium
942 3014 1120 3082 temperare
1144 3023 1180 3066 ae
1204 3021 1250 3064 re-

96 3125 175 3186 gere
198 3111 381 3180 consuevit,
417 3126 525 3170 eorum
556 3127 596 3170 ne
624 3112 789 3170 levissima
820 3112 947 3186 quidem
978 3111 1139 3170 mentione
1169 3109 1252 3168 faeta

96 3213 143 3271 sie
174 3229 297 3273 omnem
322 3212 495 3288 quaerendi
527 3220 558 3272 et
581 3213 707 3290 singula
731 3214 863 3274 eruendi
886 3214 1026 3274 laborem
1050 3211 1249 3288 subterfugit,

95 3320 129 3373 ut
158 3315 341 3375 universum
370 3333 494 3376 cannen
528 3333 584 3389 pro
609 3332 684 3376 vere
709 3324 805 3392 atque
834 3316 1017 3389 incorrupto
1040 3315 1173 3374 haberet
1196 3311 1248 3370 de-

96 3419 317 3494 scriberetque
347 3437 377 3494 p.
404 3421 473 3480 104.
531 3419 620 3490 Quod
657 3421 783 3496 quidem
822 3434 945 3480 carmen
982 3417 1160 3478 faciendum
1187 3414 1249 3486 jam

95 3523 222 3582 tandem
246 3528 294 3580 est
315 3528 350 3581 ut
373 3522 560 3595 planissime
584 3523 780 3600 intelligatur
798 3539 855 3597 per
870 3523 1068 3581 librariorum
1084 3520 1248 3578 levitatem

97 3632 127 3685 et
147 3625 350 3686 inscientiam
374 3624 458 3685 omni
481 3626 631 3686 vitiorum
654 3641 773 3703 genere
797 3641 869 3686 esse
894 3625 985 3701 quasi
1009 3625 1162 3684 obrutum.

181 3727 218 3786 Et
242 3727 375 3801 primum
404 3729 533 3804 quidem
561 3728 702 3789 lueida
731 3728 851 3790 funalia
880 3736 914 3788 ut
946 3727 1121 3805 improbata
1144 3725 1247 3796 Peert

94 3830 224 3904 kampio
248 3829 293 3888 ita
311 3829 504 3891 aMeinekio
531 3838 562 3892 et
577 3832 714 3906 Hauptio
739 3837 862 3892 retenta
887 3828 1031 3910 (propter
1046 3829 1119 3889 Silii
1142 3842 1246 3887 exem-

94 3934 197 4006 plum,
227 3932 255 3992 si
286 3932 361 4007 quid
390 3938 476 3994 reete
500 3934 664 4010 suspicor,
687 3935 736 3995 Vl.
762 3939 839 3997 eet:
870 3940 1040 3997 nocturnus
1063 3934 1178 4022 honos,
1200 3929 1214 3988 f
1236 3965 1246 3973 -

94 4034 180 4095 nalia
203 4033 353 4117 elara“)
379 4037 450 4113 quis
474 4038 582 4097 tulerit
606 4044 732 4110 praeter
756 4039 850 4098 istum
874 4039 1098 4110 interpretem,
1124 4029 1178 4108 qui
1201 4031 1245 4090 fu-

94 4137 179 4197 nalia
202 4138 247 4196 ita
271 4153 343 4197 esse
367 4140 489 4210 lueida,
517 4142 545 4200 si
568 4140 793 4210 accendantur,
817 4139 1057 4219 nuperffdoeere
1082 4136 1245 4213 ingressus

95 4238 166 4300 est?
205 4240 264 4310 Qui
287 4241 372 4302 idem
391 4245 464 4303 voei
486 4261 602 4303 arcus
626 4243 659 4302 id
676 4244 902 4318 patrocinium,
929 4242 1013 4318 qued
1028 4238 1246 4316 exquisiverat

94 4345 315 4418 grammaticus
339 4346 407 4405 eod.
431 4347 559 4424 Regin,
590 4347 714 4406 fortiter
737 4345 918 4421 praetexuit
939 4346 1086 4407 nimirum
1109 4353 1141 4404 et
1173 4361 1244 4403 eon-
