3052 4996
681 351 725 422 33

16 547 22 585 ÷
121 542 318 602 preparans
350 525 386 584 cl.
412 521 541 593 Quintil.
565 523 651 583 Decl.
676 524 787 583 111111
814 544 841 600 p.
864 525 923 584 280
948 541 1161 611 reparavero.
1191 525 1279 586 Leid'.

15 653 34 688 n
107 627 520 710 ¹Vosspraeparavero.
557 625 625 685 add.
668 641 879 700 perorare:
918 643 1143 702 properare
1177 628 1279 687 Burm.

120 729 212 788 Ovid.
236 727 309 788 Met.
323 728 371 788 IX.
398 728 456 792 5113
482 747 509 802 p.
529 725 625 809 1168),
650 734 856 802 properata:

422 865 521 924 Vina
544 833 640 938 Syra
663 871 819 944 properata
842 881 982 926 merce.

120 991 437 1085 Quamsser'rteutiam
462 990 687 1074 satis'pfirmare
712 1002 823 1061 videor
847 1005 994 1079 exemplo
1019 1003 1090 1063 Silii
1104 1003 1181 1064 Xlll.
1201 1005 1279 1064 892:

121 1105 174 1166 Po
186 1092 285 1176 cula
297 1091 422 1163 'frutico'
439 1090 540 1179 rapiet
558 1088 786 1180 'properata
809 1114 1007 1176 veneno“‚
1031 1106 1167 1166 fortasse
1185 1107 1281 1166 etiam

20 1225 22 1228 ’
121 1197 310 1276 Quintiliani
339 1195 428 1276 -Decl,
452 1206 594 1265 CCClllll
617 1225 645 1280 p.
672 1193 756 1264 atei
781 1207 944 1280 potionem
973 1208 1054 1268 hanc
1085 1227 1145 1267 non
1178 1209 1280 1283 qnoti-

120 1309 248 1368 dianam
280 1313 311 1366 et
342 1323 403 1382 qua
433 1296 540 1366 onmes
571 1308 704 1376 utimur,
735 1306 793 1365 sed
825 1308 1064 1370 medicamentis
1094 1311 1281 1385 permixtam

123 1417 157 1469 et
183 1415 422 1469 oneratam“
452 1405 594 1488 (videtur
618 1410 701 1469 enim
725 1410 786 1468 hoc
808 1403 909 1468 fuisse
933 1410 1213 1494 preparatam)
1260 1413 1280 1472 f.

123 1512 288 1572 Columell.
313 1512 347 1568 ll.
375 1512 448 1570 tin:
479 1510 636 1586 Sectaque
659 1509 779 1594 (radix)
808 1515 976 1588 praebetur
1007 1514 1132 1574 madido
1157 1517 1280 1576 sociata

15 1689 20 1700 „
122 1617 253 1692 lupino,
277 1613 318 1672 Ut
341 1614 500 1674 Pelusiaci
524 1614 701 1688 proritat
726 1616 872 1689 pocula
895 1617 1013 1690 cythi.“
1058 1618 1197 1694 Longius
1222 1619 1280 1694 igi-

14 1703 24 1745 s‘
121 1725 175 1778 tur
199 1735 267 1777 curn
290 1718 350 1776 hoc
373 1717 444 1776 loco
469 1716 629 1791 discrepat
655 1714 741 1776 locus
755 1717 789 1776 ll.
816 1719 845 1786 1,
869 1719 924 1778 21ε
950 1719 1021 1793 quis
1044 1718 1106 1778 udo
1129 1720 1280 1795 Depro-

123 1835 274 1898 perare
306 1821 400 1894 apio
425 1835 596 1878 coronas
622 1821 754 1880 Curatve
778 1827 908 1898 1111111)Ν
942 1827 972 1880 et
997 1839 1077 1896 quos
1103 1824 1280 1897 composui-

123 1942 194 1982 mus
218 1922 293 1983 Stat.
318 1921 456 1992 Conject.
484 1921 558 1980 XIX.
590 1941 619 1998 p.
646 1925 716 1983 269.
775 1922 925 1993 Quoniam
957 1930 1061 1983 antem
1085 1940 1203 1984 morem
1226 1943 1279 1984 nn-

123 2031 244 2103 gnenta
267 2024 341 2084 vino
363 2024 559 2084 admiscendi
585 2021 692 2109 (quem
715 2041 835 2085 morem
858 2025 967 2100 paucis
992 2025 1269 2100 perstrinxitBent

125 2127 229 2197 lejus,
253 2127 397 2202 pluribus
423 2126 660 2187 edisseruerunt
684 2126 857 2187 Salmasius
880 2127 990 2187 Exere.
1012 2127 1090 2186 Plin.
1115 2146 1145 2203 p.
1162 2131 1221 2189 500
1236 2145 1281 2204 sq.

124 2229 286 2291 Ilrhardus
310 2228 434 2288 Patron.
459 2247 489 2305 p.
515 2230 584 2289 868,
630 2230 814 2289 Perizonius
839 2229 961 2289 Aelian.
985 2229 1020 2287 V.
1052 2228 1130 2289 Hist.
1154 2231 1220 2290 llll.
1243 2233 1278 2292 31

124 2349 156 2408 p.
188 2332 243 2390 111
268 2328 330 2411 sq.)
360 2329 413 2389 hic
445 2329 579 2389 indicari
608 2332 771 2406 apparuit,
802 2347 842 2391 ne
871 2332 933 2391 hoc
965 2330 1090 2405 quidem
1116 2333 1280 2392 obscurum

128 2440 195 2502 est,
221 2433 304 2507 quod
327 2450 388 2491 non
412 2439 602 2507 assequutus
627 2439 676 2492 est
692 2433 844 2493 Lehrsius
870 2433 977 2509 pLX,
1002 2438 1088 2492 recte
1114 2435 1145 2493 in
1171 2435 1283 2494 eodem

126 2537 200 2595 loco
226 2524 463 2595 commemorari
487 2535 593 2610 Syram
618 2552 752 2596 mercem
776 2542 808 2596 et
832 2535 1022 2595 Atlanticum
1046 2551 1139 2593 marc.

643 2753 773 2849 lllllll.

215 2891 347 2990 versun
372 2932 468 2990 carin.
493 2930 514 2988 r.
540 2930 590 2997 11,
614 2929 669 2986 aa:

678 3062 750 3107 neo
772 3048 955 3107 latentes

471 3151 615 3210 Classe
639 3149 721 3208 cita
743 3149 890 3230 raparavit
913 3167 1004 3210 oras

129 3268 308 3343 antiquitus
333 3270 379 3329 sic
403 3271 554 3345 scriptum
577 3269 694 3328 luisse:
730 3267 732 3270 ’

685 3404 759 3448 nec
782 3389 963 3448 latentes

470 3494 613 3552 Classe
638 3493 720 3551 cita
742 3509 846 3571 rapcrc
868 3489 919 3554 lvit
942 3508 1032 3550 oras

131 3611 287 3688 singulari
311 3611 530 3686 disputatione
562 3612 837 3687 comprobavimus
862 3613 1101 3672 Subsicivorum
1125 3613 1230 3687 capite
1253 3613 1288 3670 lt

131 3733 161 3790 p.
180 3715 272 3773 1-1
305 3713 426 3794 (Progr.
449 3715 562 3774 Friedl.
588 3713 697 3796 1851).
754 3713 849 3784 Cujus
874 3715 1054 3774 sententiae
1077 3714 1207 3774 minime
1230 3731 1289 3774 nos

131 3816 296 3890 poenitet,
319 3823 488 3891 postquam
509 3817 665 3878 hinkerus
688 3817 749 3876 hoc
771 3818 919 3891 protulit:
943 3817 1047 3876 Clam
1072 3822 1289 3892 penetrare

132 3916 297 3994 paravit
330 3928 441 3987 oras“,
472 3919 675 3979 Eclrsteinius
710 3920 1000 3994 colluctandi.
1030 3919 1070 3977 ad
1093 3935 1195 3994 gymn.
1219 3933 1283 3992 per-

132 4019 190 4078 tin.
211 4018 289 4078 lllll.
323 4022 445 4094 p.15'l:
484 4022 645 4096 reparavit
678 4022 779 4089 iras,
816 4019 1013 4079 lleinekius:
1045 4017 1289 4078 Sollicitare

133 4122 321 4197 paravit,
352 4122 503 4182 Lehrsius
533 4139 563 4197 p.
586 4123 679 4182 LXXI
702 4125 753 4181 vel
777 4124 837 4181 hoc
860 4129 934 4194 apte
957 4121 1052 4181 scribi
1076 4121 1137 4180 sibi
1161 4136 1289 4196 persua-

135 4223 192 4283 sit:
217 4225 270 4283 lle
292 4225 460 4298 trepida
483 4225 722 4306 penetravit
746 4233 856 4291 oras“,
880 4223 946 4291 alii,
970 4223 1199 4282 utLenholfius
1216 4225 1287 4284 Ani·

133 4321 257 4384 madvv.
290 4326 322 4385 in
353 4327 474 4401 aliquot
504 4327 576 4386 Hor.
608 4327 696 4386 locos
736 4345 763 4400 p.
784 4327 829 4386 10.
861 4325 965 4404 Progr.
997 4325 1109 4401 Buplu.
1143 4325 1223 4398 1858
1261 4333 1292 4386 et

1089 4430 1105 4491 3
