3052 4996
134 591 138 598 ,
192 536 268 607 quot
291 529 414 600 Horatii
435 529 646 601 jactibus“
682 544 849 606 perperam
880 530 941 591 sibi
972 529 1131 606 persuasit
1162 527 1343 588 Oudendor-

192 633 278 710 pius)
303 639 334 694 et
357 633 515 694 Fontanus
539 631 636 694 Carni.
661 650 690 708 p.
709 632 785 691 371:
820 633 974 709 „fugerat
1005 633 1059 693 bic
1088 631 1281 708 lapides“
1312 638 1344 691 et

192 735 247 812 qui
270 736 395 811 plena
416 750 532 795 manu
553 732 679 805 januam
702 750 886 810 percussam
910 741 1034 795 narrant
1064 735 1215 816 (Broulsh.
1240 733 1306 796 Tib.
1322 734 1343 794 l.

191 837 222 907 a,
247 838 286 897 32
317 855 348 913 p.
367 838 425 898 tlt
458 843 490 896 et
518 837 672 914 Proplll.
706 837 757 906 23,
783 838 880 912 30·p.
900 838 959 898 372
982 835 1043 920 sq.)
1075 838 1126 896 vel
1157 853 1344 912 quocunque

191 937 286 1004 ruodo
318 937 477 1000 effractam
507 938 601 1012 (Harl.
634 940 764 999 Theocr.
788 939 823 998 ll.
856 940 924 1000 128.
956 958 985 1016 p.
1003 936 1057 1023 96)
1092 945 1146 999 aut
1176 940 1346 1001 fenestram

191 1040 289 1101 modo
313 1040 476 1102 nocturnis
498 1042 583 1102 dolis
607 1042 713 1119 tritam
737 1038 840 1124 (Prop.
864 1042 914 1100 IV.
939 1044 968 1112 1,
995 1044 1032 1103 te
1056 1039 1136 1126 su),
1166 1042 1260 1104 modo
1283 1061 1345 1104 ma·
1377 1059 1379 1062 ’

192 1161 287 1203 nuum
319 1143 350 1204 vi
382 1151 560 1220 quassatam
588 1161 625 1205 ac
654 1146 820 1205 revulsam.
876 1145 953 1206 Nam
981 1146 1093 1205 mirum
1122 1146 1267 1221 profecto
1298 1154 1347 1207 est

191 1250 240 1308 tot
264 1245 376 1307 doctos
399 1246 522 1323 fugisse
545 1248 749 1325 perspicuam
769 1248 954 1317 verborum,
979 1248 1091 1324 quibus
1106 1247 1254 1308 Horatius
1269 1267 1346 1309 usus

193 1352 260 1418 est,
285 1348 492 1410 sententiam:
523 1351 578 1426 qui
600 1351 686 1410 enim
708 1351 868 1412 bifores
896 1349 1052 1411 fenestras
1077 1350 1180 1430 (Ouid.
1195 1350 1280 1411 Pont.
1297 1351 1346 1411 lll.

195 1449 224 1519 a,
241 1453 268 1510 s.
293 1449 415 1511 maen.
431 1451 504 1511 nor.
520 1453 619 1527 pam
644 1437 680 1512 e‘f.
701 1459 810 1514 totos
833 1453 989 1513 fenestras
1005 1451 1094 1512 uvir.
1111 1455 1146 1513 n.
1162 1455 1196 1514 x.
1211 1454 1260 1514 m.
1276 1455 1347 1528 sor,

193 1551 279 1610 Rem.
305 1553 364 1613 111
397 1550 459 1636 sq.)
492 1551 655 1633 junctas
689 1552 854 1637 (Porphyr.
892 1573 921 1631 p.
947 1553 1024 1624 101,
1056 1557 1089 1614 o:
1127 1553 1276 1626 ‚,jurrctas
1309 1591 1347 1600 -

196 1654 344 1714 obclusas
360 1654 643 1731 intelligendum“,
666 1657 856 1717 utluvenal.
873 1656 1010 1718 lxrut:
1034 1655 1184 1733 „junge
1207 1657 1348 1719 ostia.“

195 1755 322 1830 Rupert.
336 1756 385 1817 IV.
399 1758 438 1818 62
470 1760 564 1834 p.9b.
590 1759 626 1818 ef.
651 1759 740 1819 Ouid.
774 1759 968 1832 tntae:
1001 1759 1124 1829 „Pars
1148 1760 1350 1833 adaperta

195 1857 271 1930 fuit;
296 1875 388 1934 pars
412 1861 544 1921 altera
567 1858 920 1945 clausafenestrae“)
944 1862 1076 1936 quatit
1097 1857 1348 1943 (Lucan.Vl.28:

196 1964 340 2035 „pontus
355 1962 486 2038 Templa
499 1962 675 2038 domosque
696 1961 857 2039 quatit“
881 1962 918 2022 cf.
933 1961 988 2022 Sil.
1002 1963 1050 2021 lx.
1069 1964 1145 2024 319:
1170 1966 1350 2034 „vellere

196 2060 274 2132 sede
304 2060 337 2123 Si
361 2070 490 2141 coeptet
520 2066 636 2142 Calpen
667 2066 804 2142 impacto
836 2065 966 2142 gurgite
1000 2069 1148 2141 pontus.“
1183 2066 1247 2126 Vll.
1275 2067 1350 2128 130:

196 2181 397 2242 „morsuque
428 2167 563 2242 quatit
594 2167 747 2228 restantia
776 2143 975 2248 claustrae),
1012 2166 1040 2227 is
1063 2167 1193 2228 dubium
1215 2176 1351 2230 nonest

197 2266 272 2342 quin
305 2269 444 2329 clausam
463 2253 644 2331 'fenestram
675 2270 820 2331 relaxare
848 2277 945 2347 atque
970 2269 1096 2347 aperire
1127 2276 1258 2334 conetur
1280 2273 1351 2333 sive

198 2370 334 2431 claustra
356 2373 516 2433 revellere
539 2369 618 2456 (Cic.
641 2372 730 2433 Verr.
754 2373 789 2433 ll.
814 2375 843 2443 l,
868 2375 917 2432 23.
941 2373 1007 2433 Liv.
1031 2373 1066 2433 V.
1091 2375 1141 2434 21.
1164 2374 1251 2452 Virg.
1271 2377 1350 2436 Aen.

196 2471 231 2531 ll.
246 2471 331 2556 leo).
366 2473 431 2534 Nec
454 2475 533 2536 illud
556 2475 685 2551 quidem
709 2477 873 2537 obscurum
898 2482 947 2536 est
971 2477 1030 2546 its,
1054 2476 1086 2536 in
1110 2493 1243 2552 quorum
1266 2494 1350 2538 men-

197 2572 282 2634 tibus
305 2576 487 2654 lapidum
510 2577 647 2638 crebri
668 2577 803 2649 jactus
827 2574 934 2662 (Apul.
951 2577 1024 2638 Met.
1043 2578 1091 2638 lx.
1116 2597 1144 2655 p.
1161 2581 1232 2640 663.
1262 2580 1349 2642 Hom.

198 2677 252 2736 ed.
265 2678 342 2740 XlV.
358 2683 415 2741 36:
438 2681 592 2773 πυκνῇσιν
613 2677 818 2764 λιθάδεσσιν)
841 2683 970 2759 penitus
998 2682 1220 2754 inhaeserunt,
1250 2685 1351 2745 satius

198 2778 299 2839 fuisse
314 2782 470 2843 fenestras
488 2800 664 2844 memorare
681 2787 746 2861 lap
757 2785 897 2846 idibus
913 2785 1165 2862 perstrictus
1180 2782 1229 2868 (ut
1244 2789 1349 2849 Aurel.

197 2879 277 2940 Vict.
301 2882 382 2959 Epit.
412 2884 461 2954 15,
481 2887 499 2946 a
522 2885 559 2944 cf.
584 2884 639 2944 Sil.
655 2886 719 2945 XV.
744 2884 838 2969 159),
863 2903 955 2961 qrraru
979 2893 1209 2963 quassatas.
1253 2889 1350 2950 Deni-

198 3000 261 3060 que
292 2986 354 3046 hoc
383 2987 479 3048 etiarn
509 2987 687 3048 mirabilius
717 2995 782 3058 est,
813 2989 897 3063 quod
925 3005 1018 3049 nemo
1043 2989 1124 3048 vidit
1157 3005 1226 3049 eam
1250 2990 1351 3067 ipsam

198 3103 263 3147 rem
290 3087 352 3160 jam
382 3089 531 3151 omissam
563 3107 653 3161 esse,
688 3107 771 3167 quae
794 3107 855 3150 nec
877 3096 1008 3167 propter
1032 3089 1119 3150 illam
1142 3094 1349 3154 sententiam:

198 3205 310 3265 „quae
332 3191 446 3266 prius
469 3194 600 3252 multum
623 3193 728 3254 facilis
751 3193 898 3253 movebat
922 3191 1096 3252 cardines“
1126 3184 1295 3269 praeteriri
1317 3196 1349 3255 in

199 3293 357 3369 principio
381 3295 529 3356 carminis
552 3296 693 3371 potuerit
714 3297 780 3356 ullo
804 3300 897 3371 pacto
929 3299 960 3354 et
981 3294 1021 3355 ad
1043 3294 1270 3358 describendos
1292 3301 1349 3375 Ly-

198 3396 272 3456 diae
293 3414 397 3457 mores
423 3403 455 3457 et
478 3398 517 3458 ad
543 3399 736 3475 probandam
759 3397 1000 3474 opprobriorum
1022 3397 1190 3458 veritatem
1213 3401 1350 3462 maxime

198 3498 361 3574 pertinere
384 3499 547 3562 videatur:
577 3503 661 3562 idem
685 3501 769 3562 enim
794 3500 959 3561 Horatium
988 3501 1051 3560 hoc
1074 3501 1212 3561 carmine
1236 3517 1349 3579 sequu-

198 3606 264 3660 tum
287 3616 378 3672 esse‚
403 3603 487 3676 quod
508 3603 706 3679 Propertium
718 3603 767 3663 lll.
783 3604 834 3672 23,
858 3603 914 3663 35:
944 3601 1106 3670 „Exclusa
1128 3603 1225 3679 inque
1247 3606 1350 3665 vicem

198 3702 299 3763 fastus
322 3703 447 3779 patiere
462 3709 615 3782 superbos
632 3706 670 3766 Et
694 3721 794 3781 quae
816 3704 959 3765 fecisti
981 3705 1064 3767 facta
1079 3706 1223 3782 quereris
1243 3717 1350 3768 anus“

199 3811 232 3866 et
256 3805 402 3868 Ovidium
424 3808 459 3867 Α.
484 3810 520 3868 Α.
544 3808 593 3868 Ill.
618 3810 676 3870 69:
708 3809 872 3882 „Tempus
896 3808 972 3880 erit,
997 3826 1059 3885 quo
1082 3816 1133 3879 tu,
1164 3826 1245 3885 quae
1269 3828 1350 3871 nunc

199 3909 343 3970 excludis
367 3916 539 3982 amantem,
568 3909 695 3988 Frigida
724 3911 852 3971 deserta
882 3917 976 3972 nocte
996 3911 1118 3983 jacebis
1143 3921 1267 3971 anus“
1291 3930 1350 3973 uec

200 4016 354 4076 Aaronem
379 4021 411 4075 et
433 4015 682 4092 Porphyrionem
704 4013 801 4091 fugit:
831 4015 864 4074 in
887 4013 1088 4075 meretricem
1111 4049 1153 4058 -
1175 4015 1287 4076 merito
1311 4019 1348 4077 ab

200 4117 392 4178 amatoribus
407 4135 580 4194 passuram,
595 4132 677 4193 quae
691 4117 833 4178 fecerat“
857 4116 1132 4190 Scholiastamque
1146 4117 1235 4192 Cruq.
1252 4137 1281 4194 p.
1293 4120 1348 4180 57:

200 4224 495 4294 „arrogantem
521 4221 578 4280 sed
598 4219 661 4293 jam
683 4221 840 4290 vetulam,
864 4234 946 4296 quae
968 4217 1082 4278 merito
1097 4220 1134 4279 ab
1157 4219 1348 4282 amatoribus

201 4320 417 4398 spernebatur,
444 4339 542 4397 quos
567 4322 662 4382 olim
687 4325 1020 4396 contempserat“
1037 4326 1068 4380 et
1080 4319 1347 4385 llitscherlichius
