3052 4996
792 366 835 436 58

622 545 758 616 agate
781 537 993 615 procellae

465 639 551 704 cralo
572 637 726 710 veloci,

240 759 331 820 qrram
354 743 575 813 deformatam,
599 757 799 819 pcrversam,
823 744 1039 804 conturbatam
1062 757 1136 801 esse
1150 741 1395 817 Peerlkampius

239 842 331 927 (quid
360 845 444 904 enirn
472 845 607 905 referam
629 843 755 905 Lehrsii
786 860 815 918 p.
841 844 973 904 CXXVII
1004 843 1222 904 secundariam
1247 843 1395 920 objurga-

238 944 397 1030 tionem‘l)
434 947 485 1007 his
522 947 642 1024 arguit,
678 947 794 1021 quibus
822 945 990 1006 Burmanni
1027 946 1149 1006 Petron.
1177 947 1235 1006 115
1272 964 1302 1021 p.
1329 947 1394 1006 690
1501 959 1502 980 ¹

240 1050 428 1110 sententiam
459 1050 613 1110 confutari
642 1055 745 1124 patet:
782 1047 842 1120 Qui
874 1063 909 1107 se
932 1048 1094 1124 procellae
1123 1049 1240 1118 credit,
1271 1049 1299 1108 is
1323 1064 1395 1108 sae-

241 1151 349 1210 viente
370 1152 512 1227 procella
535 1150 746 1226 proficiscitur
769 1151 839 1210 sive
862 1150 940 1211 mari
960 1149 1030 1210 sive
1050 1156 1141 1209 terra.
1188 1148 1248 1228 Qui
1271 1167 1290 1210 a
1312 1164 1395 1225 rupe

240 1252 349 1312 desilit
372 1260 405 1312 el
427 1268 485 1330 per
509 1269 600 1313 auras
624 1251 772 1312 deorsum
794 1252 908 1322 fertur,
943 1270 1006 1311 non
1036 1258 1143 1327 potest
1171 1250 1237 1311 dici
1266 1267 1302 1310 se
1326 1267 1395 1310 cre-

240 1354 317 1414 dere
341 1356 534 1431 procellae.“
568 1352 698 1414 Scilicet
719 1353 788 1413 viro
812 1354 999 1414 doctissimo
1022 1371 1085 1414 non
1108 1353 1272 1414 recordata
1296 1353 1395 1414 latins
1457 1409 1461 1416 .

241 1461 352 1531 patere·
382 1457 472 1516 vocis
500 1456 711 1530 procellae
741 1455 805 1514 vim
836 1463 868 1515 et
899 1460 1088 1532 potestatem
1119 1451 1172 1536 (de
1197 1472 1259 1530 qna
1282 1456 1394 1516 existi-

241 1563 341 1616 matur
368 1562 434 1616 turn
463 1571 501 1617 ex
534 1556 592 1626 iis,
623 1570 705 1631 qliae
733 1555 765 1615 in
788 1556 893 1617 Pacati
917 1554 1143 1632 Panegyricum
1171 1571 1206 1613 sa
1237 1572 1394 1617 commen·
1503 1596 1504 1604 1

239 1664 337 1718 tatum
361 1673 434 1718 esse
457 1657 575 1717 indicat
596 1656 745 1717 Barthins
768 1655 844 1717 Stat.
869 1659 964 1718 Theb.
987 1655 1051 1716 Vll.
1076 1658 1134 1717 536
1159 1675 1189 1733 p.
1213 1658 1293 1728 732,
1328 1663 1395 1718 tum

242 1759 346 1820 exiis
369 1758 467 1829 locis,
498 1759 552 1834 qui
583 1758 706 1818 similes
736 1764 807 1818 sunt
830 1757 911 1818 Silio
936 1759 985 1818 tv.
1014 1759 1088 1818 lla:
1123 1759 1148 1817 lt
1172 1759 1303 1835 sonipes
1333 1777 1394 1820 ra-

242 1859 406 1938 pidaque
428 1862 538 1922 volans
562 1867 744 1938 peraperta
767 1861 999 1937 procella“)
1022 1879 1084 1921 non
1101 1860 1251 1938 contigit,
1276 1867 1393 1936 ulper-

242 1963 381 2039 spiccret
405 1963 488 2023 idem
511 1968 607 2039 atque
632 1979 651 2022 a
673 1961 774 2022 Statio
799 1963 895 2022 Theb.
919 1961 984 2024 Xll.
1009 1964 1086 2022 aab:
1114 1963 1292 2023 Turbine
1317 1981 1393 2038 qno

242 2080 316 2125 sese
346 2066 427 2125 caris
457 2065 640 2125 instraverit
670 2065 772 2125 audax
801 2063 930 2141 Ignibus
958 2064 1114 2126 Euadne“
1153 2061 1262 2147 (qrrem
1290 2065 1394 2125 locum

242 2168 383 2243 pluribus
416 2157 655 2240 eiplanavinnus
686 2164 825 2239 Conject
850 2167 871 2226 Ι.
909 2184 939 2241 p.
967 2164 1040 2250 158)
1076 2167 1193 2244 dictum
1223 2167 1323 2227 luisse
1355 2170 1394 2228 ab

241 2268 372 2330 Horatio
395 2269 457 2328 hoc
478 2267 589 2328 modo:
918 2257 920 2260 ’

710 2387 800 2447 age,
823 2377 862 2430 te
886 2371 1058 2445 procella

498 2471 591 2535 'lrudc
615 2472 761 2533 veloci.

243 2574 303 2646 Qui
331 2576 442 2636 modus
472 2575 567 2650 plane
605 2573 751 2650 congruit
780 2591 849 2634 curn
878 2572 1074 2650 Alciphrone
1098 2576 1147 2636 Ill.
1175 2577 1206 2635 1:
1243 2569 1300 2637 oda
1330 2570 1394 2636 ἀπὸ

242 2679 294 2754 τῆς
328 2671 498 2752 Λευκάδος
531 2677 663 2762 πέτρας,
700 2666 773 2739 ἄλλ’
803 2670 868 2739 ἀπὸ
908 2679 970 2740 τῶν
1010 2681 1191 2762 Πειραῖνῶν
1225 2673 1395 2760 προβόλων

243 2777 417 2861 ἔμαντῆν
439 2775 542 2855 elaad
565 2775 738 2842 κλυδώνιον
761 2774 852 2844 door
881 2776 934 2862 (ci.
958 2781 1045 2858 Virg.
1070 2781 1183 2858 Georg.
1200 2781 1236 2842 tl.
1255 2782 1310 2841 ld:
1335 2797 1396 2856 qua

232 2899 286 2946 ·s.e
308 2882 412 2942 medio
435 2881 604 2941 trudunt
628 2882 668 2941 de
692 2883 811 2944 cortice
835 2883 1032 2966 gemmae“).
1086 2884 1180 2953 Rern,
1210 2900 1301 2958 quam
1326 2901 1395 2943 sua-

244 2984 360 3054 simus,
398 2983 508 3060 exigni
539 2989 670 3044 conatus
710 3000 784 3045 esse
821 2985 937 3046 docent
964 2986 1157 3044 Burmannus
1196 2991 1227 3043 et
1256 2986 1395 3045 Draken-

242 3086 409 3154 baronius,
437 3085 551 3160 quibus
574 3085 655 3146 locis
681 3085 759 3147 dicit
781 3089 928 3149 Dukerus
952 3082 1020 3146 Liv.
1043 3084 1078 3143 X.
1105 3089 1133 3154 5,
1161 3084 1196 3143 14
1228 3101 1258 3157 p.
1281 3085 1331 3152 tl,
1363 3092 1396 3144 et

244 3187 396 3248 Heinsius
419 3186 564 3247 Prudent.
587 3188 698 3264 Psych.
719 3190 780 3250 125
804 3206 834 3265 p.
852 3191 930 3256 163,
954 3186 1003 3246 1111
1025 3190 1270 3260 permutatorum
1293 3190 1396 3246 testes

243 3292 409 3351 verborum
438 3290 608 3350 credere
638 3296 669 3350 et
699 3292 881 3360 tradere,
912 3290 965 3349 hic
993 3288 1160 3347 verborum
1189 3287 1335 3347 tradere
1365 3296 1396 3349 et

243 3394 407 3454 trudere.
430 3371 499 3452 add.
524 3392 687 3454 claudian.
710 3395 743 3453 B.
769 3393 850 3454 Gild.
865 3394 940 3453 lad:
971 3390 1010 3450 ad
1032 3390 1150 3449 bellam
1180 3407 1237 3450 nos
1262 3390 1396 3451 trudat

244 3496 379 3556 hierns.“
424 3493 524 3555 Vatia.
550 3495 719 3556 arrodat.

706 3713 709 3718 ⁴
736 3728 906 3824 xxxtt.

331 3905 397 3966 lam
420 3903 460 3964 de
484 3901 627 3976 ejusdem
650 3901 796 3962 carminis
819 3917 915 3961 versu
938 3903 993 3962 lb:

714 4009 782 4063 tua
804 4010 945 4065 sectus
968 4004 1083 4064 orbis

626 4105 793 4166 Nomina
815 4107 901 4169 ducet

247 4223 327 4284 qnae
350 4209 588 4282 Peerlkampius
611 4208 797 4282 disputavit,
821 4209 923 4270 adhuc
945 4223 1052 4280 parum
1076 4207 1128 4285 (ne
1142 4202 1306 4264 Claudiani
1330 4207 1395 4287 qui

245 4310 315 4369 dem
345 4311 426 4371 lacta
455 4311 615 4369 mentione
637 4311 683 4371 Pr.
709 4312 740 4371 C.
764 4311 831 4371 Stil.
856 4313 890 4370 ll.
920 4309 998 4368 lat:
1036 4309 1084 4368 Ad
1114 4308 1240 4367 coelum
1271 4307 1397 4379 quoties
