3026 4988
670 359 732 430 tta

642 576 763 675 tvttt.

206 768 339 828 Referre
365 765 471 843 piget,
496 768 640 843 quaeda
664 768 811 829 versibus
835 768 884 828 lll.
909 771 937 839 l,
962 772 994 829 l:

292 886 365 946 Odi
388 886 596 960 profanum
618 888 765 963 vulgus
788 894 825 946 et
848 905 985 948 arceo:

293 987 443 1047 Favete
466 989 642 1064 lingnis;
674 990 854 1048 carmina
884 1008 960 1050 non
990 993 1108 1068 prius

353 1089 501 1150 Audita
521 1089 716 1150 Musarum
740 1091 935 1152 sacerdos

435 1189 679 1267 Virginibus
702 1191 928 1267 puerisque
952 1202 1073 1255 oarrto

112 1331 181 1372 non
209 1308 396 1386 cogitando,
419 1309 485 1388 ,scd
508 1308 666 1384 opinando
696 1309 758 1368 sibi
789 1311 918 1370 finxerit
940 1315 1093 1374 Lehrsius
1123 1333 1152 1390 p.
1168 1316 1278 1376 XCIV:

114 1412 201 1473 satis
226 1417 275 1469 cst
299 1410 391 1472 nobis
415 1415 447 1469 ct
470 1411 552 1469 hunc
576 1417 608 1469 et
631 1411 714 1470 alios
731 1411 842 1471 doctos
857 1413 1062 1475 admonuisse
1080 1415 1277 1478 deAusonio

115 1512 373 1590 poematiorum‚
405 1527 487 1586 quae
510 1512 542 1570 in
565 1513 722 1572 Bissulam
745 1513 881 1583 luserat,
909 1515 969 1575 hac
992 1517 1191 1591 praefatione
1219 1537 1279 1579 uso

115 1635 150 1692 p.
174 1615 253 1674 338:
288 1612 450 1672 Pervincis
479 1613 605 1672 tandem
635 1620 667 1671 et
691 1621 803 1690 operta
825 1615 981 1676 Musarum
1005 1633 1160 1689 mearum,
1196 1636 1278 1694 quae

117 1717 289 1777 initiorum
305 1714 429 1774 velabat
446 1714 640 1784 obscuritas,
664 1730 850 1790 quamquam
869 1735 930 1776 non
955 1718 1152 1792 profanus
1170 1722 1278 1782 irrum-

117 1821 193 1896 pis,
214 1817 313 1877 Paulc
332 1816 504 1875 carissime.
549 1814 699 1884 Quamvis
716 1817 799 1876 enim
815 1823 847 1876 te
861 1836 922 1877 non
939 1817 1007 1888 ejus
1032 1821 1144 1897 vulgi
1168 1824 1278 1884 existi-

119 1949 364 1964 ———-

119 2024 369 2088 perseqnerentur:
389 2017 593 2084 perstudiosum
612 2017 776 2081 scimus“,
794 2023 825 2067 ut
842 2033 939 2070 novum
958 2020 1140 2084 subrogarent
1151 2022 1278 2076 verbum:

120 2103 329 2171 perstudiosum
348 2101 584 2167 accepimus“,
605 2108 632 2152 et
650 2105 692 2165 ²7,
711 2101 758 2153 78:
779 2118 848 2166 quae
868 2110 910 2155 est
927 2105 1036 2168 victrix,
1056 2121 1088 2156 ca
1106 2107 1180 2158 laeta
1199 2111 1278 2159 —in

120 2205 219 2254 rogum
237 2187 401 2254 imponitur,
420 2187 483 2236 illa
500 2187 573 2237 victa
592 2192 698 2238 moesta
718 2187 836 2239 discedit
844 2188 870 2252 “,
891 2205 960 2254 qnae
979 2191 1030 2241 hoo
1048 2192 1143 2244 modo:
1162 2193 1280 2261 imponi-

121 2283 193 2338 tur,
212 2273 315 2324 turba
333 2273 406 2351 ricta
416 2271 554 2322 discedit“
563 2271 810 2337 redintegravimus
821 2275 849 2324 in
859 2275 937 2324 Varii
951 2276 984 2326 de
994 2275 1080 2328 ldorte
1088 2276 1182 2342 Eclog.
1192 2277 1226 2330 lr.
1234 2279 1280 2328 lV.

120 2362 139 2411 4
155 2375 183 2425 p.
195 2361 231 2408 22
250 2357 286 2407 cl.
300 2355 368 2408 Stat.
383 2356 451 2406 Ach.
464 2356 485 2406 Ι.
497 2356 557 2410 483.
585 2356 649 2409 Nolo
666 2357 722 2422 jam
743 2359 777 2409 ad
797 2359 865 2411 alios
881 2357 1020 2410 Ciceronis
1034 2360 1119 2412 libros
1131 2362 1216 2425 abire,
1234 2379 1280 2414 ve·

120 2446 160 2496 lut
177 2443 213 2494 ad
228 2443 379 2494 orationem
397 2440 523 2507 proSull.
535 2441 575 2505 19,
586 2443 631 2492 54:
650 2449 745 2509 posset
764 2444 835 2494 alia
853 2443 959 2494 familia
977 2444 1072 2496 Fausti
1089 2461 1186 2496 munus
1200 2462 1281 2512 prae-

120 2529 212 2580 bere“
232 2528 287 2590 sic,
305 2533 337 2576 ut
356 2526 425 2578 alias
444 2526 565 2590 dicetur,
594 2527 813 2579 emaculandum:
838 2535 935 2594 posset
952 2529 1127 2580 Poetellia
1147 2529 1252 2581 familia
1261 2533 1279 2559 “

122 2616 164 2680 (nt
185 2619 228 2664 cst
247 2614 275 2662 in
294 2626 428 2662 marmore
453 2627 499 2678 ap.
519 2609 643 2678 Dempst.
662 2613 781 2681 Paralip.
801 2614 835 2666 V.
855 2615 888 2664 24
906 2629 934 2680 p.
948 2614 1008 2662 779.
1038 2612 1073 2664 B:
1093 2613 1122 2663 P.
1142 2615 1262 2666 Poetcl

122 2700 191 2750 lius
209 2699 239 2754 Ρ.
259 2697 290 2746 L.
309 2695 393 2761 Syrus
410 2694 576 2762 Lanista“):
605 2713 675 2747 nunc
693 2696 760 2746 libet
779 2689 898 2761 adiicere
912 2697 1060 2748 earundem
1079 2697 1159 2763 Tusc.
1178 2697 1278 2765 Dispu-

122 2785 260 2836 tationum
273 2783 360 2832 locum
371 2781 403 2829 V.
415 2781 458 2843 ib,
468 2782 514 2832 72:
535 2781 599 2844 quid
612 2797 643 2833 eo
656 2781 744 2846 possit
758 2796 819 2832 esse
834 2781 1030 2848 praestantius,
1050 2797 1131 2845 quum
1144 2783 1279 2834 contineri

124 2867 270 2938 prudentia
288 2867 437 2919 utilitatem
463 2867 561 2917 civium
586 2873 695 2933 cernat,
716 2867 827 2932 justitia
850 2867 918 2918 nihil
942 2868 970 2918 in
994 2882 1072 2919 snam
1088 2868 1196 2920 domurn
1215 2869 1279 2919 inde

124 2954 255 3008 derivet“
279 2953 319 3005 sic
342 2952 532 3016 corrigendum
554 2953 657 3004 videri:
682 2967 763 3015 quum
782 2953 935 3003 continere
959 2953 1105 3019 prudentia
1131 2954 1279 3005 utilitatem

125 3047 225 3093 curet
249 3039 376 3104 (certet
403 3035 439 3088 cl.
459 3036 536 3089 Ovid.
555 3038 630 3089 aaut.
650 3037 696 3086 lV.
715 3037 762 3088 at:
792 3037 896 3101 Perque
921 3052 985 3089 suos
1010 3038 1095 3089 initus
1121 3039 1281 3090 continet

126 3144 204 3181 omna
223 3123 341 3192 genus.“
378 3123 553 3178 ansilam.
582 3124 715 3175 Emendd.
739 3124 842 3175 Arnob.
868 3123 926 3174 sive
949 3125 1030 3175 Anal.
1050 3124 1131 3192 Prop.
1164 3140 1224 3191 cap.
1241 3123 1281 3174 Xl

125 3232 154 3281 p·
174 3212 256 3278 72)“,
283 3226 353 3274 quae
377 3215 468 3260 antem
487 3209 614 3274 leguntur
633 3212 675 3273 27,
694 3209 743 3261 76:
769 3209 825 3260 sint
849 3225 916 3262 sanc
940 3209 988 3261 illa
1013 3225 1116 3276 genera
1140 3211 1282 3273 bonorum,

127 3300 189 3350 dnm
208 3297 332 3362 corporis
351 3301 378 3345 et
397 3300 511 3345 externa
534 3295 646 3359 jaceant
664 3294 739 3344 humi
757 3319 792 3332 -
810 3295 864 3345 alia
884 3301 974 3346 autem
993 3295 1038 3345 illa
1057 3295 1202 3346 divina-
1221 3311 1282 3346 coa·

126 3385 181 3434 lum
200 3382 353 3446 attingant,
375 3377 428 3444 [ut]
450 3395 482 3429 ea
501 3379 547 3442 qni
567 3379 684 3445 adeptus
703 3380 754 3441 sit,
774 3394 820 3428 cur
839 3393 900 3427 enm
918 3379 1027 3427 beatum
1050 3383 1077 3428 et
1090 3379 1284 3430 nonbeatissi·

127 3483 199 3518 mum
218 3467 301 3518 etiam
320 3464 436 3516 dixerim
445 3463 471 3525 ¹¹,
501 3464 553 3514 hac
571 3463 679 3514 demum
698 3469 756 3514 arte
780 3462 928 3528 perspicua
952 3460 1025 3509 fleri:
1053 3485 1112 3524 „-
1130 3464 1283 3526 attingant:

127 3560 158 3604 ut
176 3567 210 3604 ca
229 3551 305 3614 quis
325 3549 444 3616 adeptus
463 3549 515 3612 sit,
535 3565 581 3599 cnr
601 3564 661 3599 enm
675 3563 778 3598 -non
795 3545 986 3597 beatissimum
1006 3545 1089 3595 etiam
1109 3544 1293 3606 dixerimt“a

129 3653 198 3703 quac
218 3642 309 3686 autem
328 3634 449 3686 insiticia
465 3633 623 3698 judicarunt
641 3633 750 3698 plurimi
764 3633 784 3682 1.
796 3633 840 3695 4²,
852 3631 916 3684 101:
937 3629 1001 3692 quid
1016 3627 1061 3678 ille
1083 3627 1138 3679 dux
1148 3627 1285 3680 Leonidas

127 3723 214 3774 dixit:
240 3719 415 3770 Prandete
435 3717 524 3769 animo
544 3718 609 3768 torti
625 3715 694 3780 -“,
720 3701 789 3769 satis
815 3715 925 3767 defendi
950 3713 1102 3781 Hegesippi
1126 3713 1284 3765 testimonio

129 3807 161 3858 V.
180 3808 214 3857 27
239 3819 255 3854 a
280 3803 411 3854 Cicerone
431 3801 498 3864 haec
520 3803 650 3852 mutuati:
677 3817 763 3866 „cnm
780 3801 918 3852 Leonidas
946 3799 991 3848 ille
1009 3781 1214 3849 Lacedaemone
1239 3811 1284 3861 ge·

129 3893 203 3942 nitus
221 3888 408 3957 praeliaturus
433 3886 564 3937 adversus
587 3885 813 3936 innumerabilem
830 3885 973 3936 Persarum
999 3880 1148 3933 exercitum
1167 3880 1284 3931 dixerit:

130 3973 365 4041 prandeamus
383 3972 412 4020 in
431 3971 514 4022 terris
533 3970 606 4037 apud
624 3969 727 4020 interos
747 3969 896 4022 coenaturi.
912 3993 948 4007 -
971 3965 1042 4024 Quid
1060 3965 1285 4016 chomanornm

131 4057 246 4124 integris
270 4056 426 4121 legionibus
450 4056 564 4119 loquar?
591 4071 658 4119 qnos
684 4053 750 4107 Cato
778 4053 917 4105 Romanae
942 4056 1064 4103 assertor
1088 4048 1234 4099 facundiae
1259 4055 1287 4100 et

131 4145 257 4195 veritatis
282 4142 406 4193 sincerus
426 4141 570 4206 interpres
601 4140 721 4190 assernit
745 4154 805 4190 cnm
830 4136 998 4188 exultatione
1030 4134 1065 4184 ad
1093 4133 1193 4183 bellum
1224 4147 1286 4198 pro-

133 4229 266 4291 cessisse,
292 4227 326 4278 de
346 4242 397 4289 quo
417 4225 553 4275 redituros
571 4239 625 4278 noa
644 4223 844 4275 arbitrarentur
868 4221 1062 4282 universosque
1085 4217 1202 4268 libenter
1225 4230 1287 4282 pro·

134 4313 276 4376 cubuisse,
295 4327 329 4362 ne
349 4316 486 4361 mutarent
505 4308 700 4361 seutentiam.“

1084 4387 1103 4452 8
