3052 4996
703 336 746 406 39

137 514 193 586 jus
220 527 369 573 suasores
394 511 567 572 extiterunt
589 507 770 580 Bentlejus:
800 510 881 570 nihil
911 509 1077 570 adlabores
1107 509 1296 578 Sedulus,

141 624 267 678 oura“
298 631 335 675 ac
365 612 546 673 Meinektus
577 611 814 687 Hauptiusqne:
852 613 1042 682 Sedulus,
1073 621 1194 671 curo“
1223 607 1299 692 (qua

142 718 228 779 enim
260 725 328 778 arte
362 717 439 776 satis
463 716 594 776 tuebere
617 720 735 775 sortem
758 714 837 774 mire
860 715 1035 792 ambiguam
1067 715 1154 774 vocis
1179 715 1296 774 sedu-

141 822 205 880 lus
234 818 341 880 verbis
372 816 587 877 adlabores
623 823 654 876 et
684 833 776 877 cura
812 817 883 876 sive
920 833 1014 876 curo
1048 815 1173 875 mediae
1203 814 1297 874 inter-

141 917 309 999 positael)
333 925 385 981 aut
409 919 643 996 Cuninglramus
667 925 697 979 et
722 918 955 979 Wakefieldus:
989 915 1124 976 Sedulus
1149 925 1297 976 curae“

140 1025 194 1084 vel
225 1020 482 1098 Peerlkampius:
519 1020 695 1082 adlabores.
755 1020 942 1081 Sedulum
979 1035 1098 1079 curae
1132 1035 1236 1094 neque
1266 1025 1298 1078 te

140 1127 348 1189 ministrum“
371 1125 588 1198 Lehrsiusque
611 1125 772 1199 pLXllll.
797 1142 825 1200 p.
840 1126 889 1183 to.
937 1125 1190 1184 Consentaneum
1213 1121 1298 1181 enim

141 1237 193 1291 est
222 1245 280 1306 per
309 1233 411 1287 certas
443 1231 474 1284 et
503 1225 695 1286 deformatas
726 1224 875 1301 quasdam
915 1232 1023 1300 partes
1060 1225 1235 1285 orationem
1259 1223 1298 1284 ad

140 1348 293 1393 summam
308 1345 376 1390 eam
393 1328 558 1405 prolicere,
583 1345 675 1402 quem
693 1328 862 1388 ostendunt
881 1330 976 1388 haec:
999 1335 1037 1388 te
1059 1327 1297 1395 ministrum,

139 1451 200 1495 me
221 1434 443 1494 bibentem:

313 1541 503 1636 Simplici
527 1568 609 1612 reme
632 1547 741 1609 nihil
765 1547 925 1612 adlabores.

311 1651 482 1713 Sedulus
506 1667 748 1726 curatusque
773 1651 1063 1712 teministrum

314 1754 500 1816 Dedecet
523 1760 674 1830 myrtus
704 1770 834 1830 neque
864 1770 920 1814 me
950 1757 1018 1816 sub
1043 1760 1128 1815 arto

464 1855 559 1916 Vite
580 1857 796 1917 bibentem.

139 1980 247 2041 Habes
268 1977 331 2050 jam
354 1977 424 2038 heri
447 1977 560 2056 fortius
585 1977 770 2052 imperantis
795 1983 827 2035 et
841 1977 950 2037 vinum
969 1975 1169 2053 properantis
1186 1991 1297 2036 vocem

140 2083 280 2143 similem
311 2081 497 2141 notissimae
529 2078 595 2139 illi:
626 2095 747 2138 serva
778 2079 904 2154 (Adnot.
929 2077 968 2138 ad
991 2077 1066 2138 Stat.
1091 2076 1154 2137 Ecl.
1178 2077 1232 2136 ult.
1256 2078 1295 2137 lb

138 2204 169 2262 p.
190 2180 261 2264 tt):
286 2197 426 2243 curare
451 2181 535 2241 enim
558 2183 686 2241 verbum
712 2196 785 2241 esse
799 2196 930 2242 mensae
947 2187 978 2240 et
992 2180 1163 2240 convivii“
1189 2177 1297 2262 (Drak.

137 2287 207 2348 Liv.
232 2284 366 2344 Xllvlll.
395 2285 443 2352 ll,
468 2283 500 2366 t)
534 2283 606 2359 quis
637 2290 685 2343 est
710 2285 764 2358 qui
787 2279 934 2343 nesciat?
982 2283 1025 2342 Cf.
1050 2281 1116 2341 Tib.
1141 2282 1161 2340 l.
1187 2285 1215 2351 5,
1241 2282 1296 2341 33:

140 2393 225 2450 bunc
249 2386 392 2447 sedula
414 2391 530 2445 curet
556 2418 592 2430 -
617 2385 840 2446 minist1·a.“

226 2663 272 2723 Ab
297 2661 362 2721 illis
386 2665 491 2720 autem
514 2659 636 2728 verbis,
668 2674 749 2733 quae
773 2659 933 2719 nonnullis
957 2657 1118 2734 placuisse
1141 2654 1297 2716 diximus:

139 2763 315 2825 sedulus
339 2777 459 2821 curae
489 2756 542 2842 (cl.
567 2760 707 2821 Sarbiev.
732 2760 752 2819 l.
779 2760 796 2818 d
829 2778 858 2835 p.
876 2761 909 2819 8:
951 2757 1087 2819 Sedulus
1110 2755 1296 2840 metae“),

137 2867 217 2926 licet
254 2865 425 2926 deflectere
463 2864 501 2924 ad
538 2865 641 2924 locum
678 2863 841 2923 doctorum
875 2861 1131 2922 contentionibus
1160 2858 1296 2921 maxime

139 2968 378 3030 memorabilem
401 2966 450 3026 lV.
475 2968 505 3036 a,
531 2967 586 3026 l't:

271 3085 347 3146 Sed
369 3087 497 3163 palarn
520 3085 611 3168 eaptls
634 3087 791 3164 gravis,
821 3088 899 3146 heu
929 3085 1042 3146 netas
1071 3085 1165 3153 hen,

267 3188 443 3248 Nescios
465 3190 544 3249 fari
570 3205 720 3265 pueros
743 3188 918 3249 Achivis

271 3290 415 3350 Ureret
437 3291 624 3360 flammis,

136 3412 191 3474 ubi
214 3411 373 3471 Achillem
403 3411 491 3471 illum
524 3412 693 3489 impigrum
724 3417 755 3470 et
785 3427 888 3471 acrem
917 3425 977 3471 nec
999 3410 1124 3486 coeptis
1147 3421 1296 3482 umquam

138 3529 307 3575 excussum
330 3512 448 3573 dictum
472 3529 544 3573 esse
567 3514 710 3591 coepti
733 3529 908 3591 gravem:

287 3651 361 3711 Sed
385 3652 515 3726 palam
537 3653 631 3732 coepti
654 3652 793 3729 gravis

137 3786 191 3870 (ct.
225 3785 280 3846 Sil.
312 3786 360 3846 lll.
394 3787 469 3847 176:
502 3789 644 3865 coepti
673 3789 811 3848 lentus.“
872 3787 1031 3848 claudian.
1055 3787 1138 3846 Eutr.
1162 3787 1183 3845 l.
1216 3788 1293 3846 350:

137 3889 307 3968 gravior
337 3907 491 3968 morum.
546 3890 618 3951 Hor.
643 3892 661 3950 l.
687 3889 859 3966 suprallll
883 3889 927 3948 d.:
965 3888 1126 3949 stimuli
1158 3885 1295 3970 levis)

138 3991 414 4068 comprobavimus
445 3991 520 4054 Stat.
552 3993 689 4064 Coniect.
719 3992 782 4052 llll.
815 4011 843 4067 p.
869 3993 939 4051 206.
1008 3989 1202 4064 Quamquam
1238 3988 1295 4047 alii

137 4096 274 4155 tortasse
291 4095 409 4155 malent
425 4097 589 4173 coeptis
613 4095 738 4173 gravis,
761 4101 794 4153 ut
817 4094 930 4152 levis
953 4093 1097 4161 frenis,
1121 4089 1293 4151 alioDralr.

139 4197 201 4258 Sit..
216 4195 253 4254 V.
281 4198 341 4257 363
365 4190 395 4276 p
411 4201 471 4260 271
503 4201 541 4260 ci.
566 4197 642 4266 Stati
666 4195 753 4267 Conj.
776 4195 832 4254 Vll
855 4213 884 4271 p.
904 4195 973 4255 184.
