3052 4996
766 355 804 426 18

200 526 272 612 sq.),
296 529 443 606 placetne
455 526 552 588 statui
563 527 646 587 hunc
658 527 762 589 locum
778 529 856 590 satis
876 529 995 589 firmam
1013 526 1152 599 ejusdem
1171 525 1242 587 vitii
1255 525 1357 601 suspi-

198 629 323 691 cionem
336 631 463 700 babere,
488 630 572 705 quod
587 630 778 691 inveteravit
789 631 820 691 in
831 647 870 691 eo
889 629 1038 700 carmine,
1051 630 1161 705 dequo
1178 628 1272 689 modo
1285 624 1357 710 (Vl)

197 733 407 795 absolvimus:
422 732 579 791 tumultus
595 733 724 808 spira:
736 731 959 808 „me-Spira
975 731 1056 792 lerct
1068 731 1278 809 geminusque
1287 731 1357 791 Pol·

197 831 298 897 luxl“
321 835 397 895 Nam
420 832 529 910 „spira
550 833 746 896 involucrum
770 823 890 895 lunium
900 840 959 905 est,
976 835 1059 910 quod
1074 840 1189 894 nautae
1199 831 1256 894 suo
1268 848 1358 894 more

198 954 373 999 curcumam
405 942 543 997 vocant“
578 937 680 997 Gloss.
711 936 783 998 Mai.
807 938 885 997 Vlll.
909 955 939 1013 p.
966 935 1044 1006 580,
1080 954 1142 1012 quo
1165 943 1298 1013 'genere
1324 934 1355 996 in

198 1039 442 1114 tempestatibus
463 1040 511 1101 uti
535 1056 663 1100 veteres
687 1039 897 1101 consuevisse
920 1056 989 1100 cum
1006 1037 1073 1108 alii,
1097 1039 1180 1099 inter·
1203 1057 1283 1115 quos
1300 1037 1355 1099 Pa-

200 1143 312 1205 ouvius
335 1148 385 1202 est
407 1141 467 1202 Ino.
490 1141 561 1204 Feb.
585 1143 621 1202 fr.
647 1143 685 1203 23
710 1160 739 1219 p.
766 1144 824 1203 tot
849 1142 936 1204 Ribb.
962 1147 993 1201 ct
1016 1142 1228 1202 Tertullianus
1254 1143 1353 1202 Carm.

196 1247 237 1307 de
259 1246 338 1307 lona
370 1250 402 1304 et
429 1243 545 1305 Ninive
568 1242 626 1328 42)
657 1245 782 1306 docent·
801 1252 867 1306 tum
900 1245 1127 1321 Euripides
1161 1245 1225 1321 lpb.
1265 1244 1365 1304 Taur.

199 1349 296 1410 1³7³:
332 1341 457 1420 ’Ἄλλος
490 1347 526 1410 δὲ
547 1343 682 1423 πλεκτὰς
706 1343 874 1424 ἐξανῆπτεν
896 1340 1034 1428 ἀγκύλας
1057 1355 1088 1407 et
1111 1347 1354 1408 Plutarchus

197 1441 237 1512 be
267 1451 385 1512 Garrul.
409 1451 444 1510 X.
479 1466 508 1526 p.
537 1453 603 1512 109.
632 1452 702 1513 Vol.
726 1452 761 1512 X.
807 1448 884 1526 νεὼς
911 1453 969 1531 μὲν
990 1446 1052 1533 γάρ
1074 1443 1270 1532 ἁρπαγείσης
1291 1442 1355 1511 ἀπὸ

196 1549 374 1635 πνεύματος
383 1546 664 1633 ἐπιλαμβάνονται,
688 1556 880 1635 σπείραις
899 1559 953 1618 καὶ
976 1549 1169 1636 ἀγκύλαις
1191 1550 1227 1615 τὸ
1259 1549 1357 1634 τάγος

197 1649 483 1739 ἀμβλύνοντες.
541 1654 778 1717 Scholiasta
811 1659 1022 1733 Aristoph.
1045 1657 1148 1732 Equit.
1171 1657 1231 1717 756
1257 1656 1354 1731 pou,

200 1763 255 1822 la:
289 1757 526 1842 χειμαζομένων
547 1762 601 1821 καὶ
624 1753 661 1820 τὰ
683 1761 813 1840 σχοινία
836 1753 1032 1842 ῥιπτούντων
1061 1756 1119 1824 σύν
1140 1766 1209 1834 ταῖς
1230 1747 1354 1838 ἀγκί-

196 1866 292 1936 λαις
332 1857 391 1924 int
438 1858 628 1941 θάλασσαν’,
678 1859 759 1926 ὥστε
800 1863 858 1925 τού
897 1859 1056 1938 κλύδωνος
1102 1857 1269 1947 ῥύσασθαι
1317 1857 1353 1923 τὸ

196 1969 320 2030 πλοῖον.
384 1963 448 2026 Sed
484 1981 548 2026 rem
579 1966 743 2042 plerisque
783 1966 1027 2042 incompertam,
1060 1965 1263 2026 aSoheliero
1287 1965 1351 2025 llil.

196 2070 272 2131 Nav.
295 2069 331 2129 ll.
355 2072 373 2130 5
396 2067 427 2143 p.
451 2070 508 2130 151
536 2075 567 2128 et
589 2068 723 2129 Heinsio
746 2068 823 2130 Adv.
839 2069 888 2128 lll.
912 2070 940 2128 2.
963 2088 992 2146 p.
1016 2070 1074 2130 411
1101 2070 1205 2131 levius
1215 2083 1349 2129 comme-

196 2178 348 2233 moratam
379 2170 547 2231 subtiliore
583 2171 659 2232 cura
695 2173 936 2248 explanavimus
961 2172 992 2233 in
1019 2172 1139 2233 Cinnae
1162 2180 1350 2233 commenta-

196 2274 314 2335 riorum
348 2288 386 2333 ea
419 2278 524 2348 parte,
559 2290 620 2349 qua
653 2272 683 2333 in
714 2273 870 2352 Philolog.
892 2274 957 2333 XX.
995 2271 1110 2359 (1882)
1142 2292 1171 2351 p.
1198 2276 1257 2337 355
1283 2291 1351 2350 sqq.

199 2378 326 2454 vulgata
347 2382 379 2436 et
405 2391 462 2436 eos
475 2375 574 2447 locos,
599 2391 678 2450 quos
698 2393 793 2452 supra
812 2376 985 2449 attulimus,
1008 2378 1192 2439 restituisse
1209 2375 1352 2438 videmur
1423 2355 1438 2426 ’Ϊ

197 2477 374 2557 integritati
406 2494 483 2539 suae
518 2484 548 2538 et
582 2478 744 2553 Euripidis
768 2479 833 2554 lpb.
857 2481 945 2540 'latin
980 2469 1107 2541 versum
1132 2482 1231 2542 tabl:
1256 2471 1352 2543 ιτάλιν

197 2577 279 2646 diter
293 2575 503 2665 πρωρύσια
527 2579 641 2665 (Etym.
655 2580 693 2640 ll.
717 2601 746 2658 p.
763 2583 835 2653 177,
851 2583 900 2643 48.
947 2584 1063 2644 Anecd.
1078 2584 1175 2644 Paris.
1190 2584 1240 2645 IV.
1257 2601 1287 2660 p.
1302 2585 1352 2644 to.

198 2685 303 2747 Schol.
325 2687 481 2762 Lycophr.
508 2686 568 2746 295
590 2684 688 2746 Paris.
714 2691 745 2744 et
773 2685 908 2748 Vindob.
932 2701 960 2761 p.
986 2690 1024 2749 75
1042 2690 1189 2749 ethctz.
1211 2705 1241 2763 p.
1266 2687 1351 2766 528).

198 2793 238 2851 At
261 2791 294 2850 in
315 2788 446 2849 Horatio
463 2787 575 2866 pingui
590 2787 742 2859 Minerva,
765 2794 799 2849 ut
813 2788 911 2861 ajunt,
934 2791 987 2868 agi
1003 2789 1173 2868 quidquam
1196 2792 1351 2851 nolumus

283 2892 392 2966 ltaque
423 2888 590 2950 molitione
621 2893 806 2952 arbitramur
837 2908 917 2966 opus
949 2908 1022 2953 esse
1044 2901 1079 2954 ut
1102 2893 1222 2965 majore
1246 2895 1290 2955 ita
1313 2893 1352 2954 ad

197 2993 356 3070 propositi
386 2991 534 3052 carminis
557 2993 688 3054 formam
710 2993 813 3070 magis
829 2996 1073 3056 accommodata.
1117 2994 1251 3058 Videtur
1268 2997 1352 3055 enim

199 3103 272 3158 ante
296 3093 515 3172 consignatum
541 3095 688 3156 extitisse
710 3094 801 3172 upri
825 3095 857 3155 id
880 3101 930 3155 est
953 3113 1066 3156 nomen
1089 3097 1228 3158 librariis
1242 3113 1352 3171 parum

197 3199 358 3277 cognitum
381 3197 515 3273 cupri:
540 3197 679 3275 cypri,
703 3199 813 3258 leret
835 3204 940 3259 autem
962 3199 1143 3272 proteres
1161 3200 1350 3261 eascriben-

196 3305 274 3363 tium
296 3301 430 3362 levitate
452 3301 652 3375 provenisse,
676 3319 768 3377 quam
797 3301 993 3362 memorabili
1018 3304 1234 3379 exemplorum
1258 3304 1351 3379 copia

197 3407 230 3466 in
253 3405 329 3466 Stat.
352 3404 416 3464 Ecl.
438 3405 493 3463 ult.
519 3405 612 3479 bssp.
638 3406 678 3465 93
702 3402 874 3465 contestati
898 3422 1020 3464 sumus:

149 3500 153 3507 ’
406 3507 540 3566 Tutum
563 3523 633 3585 per
656 3509 845 3585 Aegaeos
869 3509 1069 3568 tumultus

451 3608 574 3690 cypri,
596 3609 701 3674 iores
725 3611 1001 3688 geminusque
1023 3611 1181 3673 Pollux.

196 3779 200 3783 ,
279 3710 319 3771 Ut
345 3711 409 3783 jarn
438 3729 500 3772 non
530 3712 627 3773 lateat
657 3712 788 3774 Horatio
822 3713 1024 3790 potissimum
1058 3722 1188 3775 auctore
1214 3749 1253 3758 -
1277 3729 1348 3772 narn

196 3815 350 3875 Pollionis
365 3831 413 3890 ap.
460 3815 582 3875 Charis.
605 3817 626 3876 I.
640 3832 669 3891 p.
687 3818 726 3876 Π
739 3832 867 3876 versum
882 3816 929 3876 sic
942 3816 1177 3894 corrigendum:
1193 3816 1350 3875 Veneri

198 3926 258 3977 est
280 3917 425 3979 antistita
448 3918 619 3994 Cypris“
642 3918 786 3979 differam
808 3919 839 3980 in
864 3919 983 3982 Cinnae
1000 3919 1224 3981 commentaria
1239 3919 1261 3977 l.
1279 3921 1307 3988 3,
1337 3922 1346 3980 l

197 4055 238 4065 -
261 4037 373 4084 nomen
409 4014 601 4099 Cypridis
632 4039 805 4098 usurpasse
829 4025 1019 4093 Ausonium,
1049 4022 1268 4092 Prudentium,
1303 4023 1349 4082 Si-

198 4123 328 4185 donium
354 4126 581 4201 Apollinarem,
605 4127 698 4198 alios,
723 4143 803 4202 quos
818 4133 1062 4188 commemorant
1075 4126 1143 4186 Viri
1154 4126 1248 4185 Docti
1261 4124 1349 4185 Misc.

199 4224 287 4285 Obss.
309 4226 346 4284 ll.
369 4243 399 4301 p.
423 4227 485 4286 212
509 4244 556 4302 sp.
601 4223 796 4289 burmannus
828 4230 921 4290 Antb.
952 4229 1020 4288 Lat.
1044 4228 1092 4286 lll.
1116 4230 1167 4298 lc,
1191 4230 1209 4287 l
1233 4245 1262 4302 p.
1288 4229 1346 4288 tat

198 4328 244 4408 (in
282 4326 371 4399 cujus
401 4329 544 4389 doctrina
574 4331 628 4403 qui
666 4331 843 4407 acquiescit
876 4329 1063 4391 bantzenius
1099 4332 1220 4391 Arator.
1250 4330 1287 4391 ll.
1319 4331 1348 4390 6,
1451 4357 1457 4369 ·
