3026 4988
691 353 756 428 ld'l

141 531 270 592 luerunt
280 539 299 565 ‘⁴
331 529 554 592 recordatione
578 527 702 591 Horatii
730 527 857 590 ductum
886 527 1057 606 scripsisse
1087 528 1298 592 arbitraretur.

140 630 218 693 lllud
246 631 377 709 quidem
406 632 507 709 liquet
540 650 603 693 non
632 646 739 692 earum
760 630 893 693 Horatio
924 631 1012 693 cordi
1041 630 1141 692 ruisse
1164 632 1299 709 proelia,

141 750 223 808 quae
246 741 442 810 „prosectos
466 734 498 794 in
520 741 686 811 pugnam“
718 749 843 812 ungues
865 735 1036 804 haberent,
1066 739 1100 810 ut
1123 732 1227 794 visum
1251 737 1299 794 est

139 837 271 897 Barthio
296 827 457 898 Claudian.
480 837 586 912 Epith.
608 836 682 898 Pall.
703 838 761 899 lii
785 855 814 914 p.
834 838 912 909 loa,
943 837 1000 898 sed
1023 852 1147 898 amores
1171 843 1298 899 conten·

139 938 313 1013 tionesque
348 939 505 1017 virginum
543 954 670 1016 semper
707 937 892 1010 cultiorum,
928 939 1039 1014 quales
1074 937 1153 998 dicit
1184 938 1297 999 Paulus

139 1041 344 1102 silentiarius
360 1041 478 1102 XXXll.
503 1042 592 1103 Anal.
615 1043 666 1102 Br.
680 1043 730 1102 tll.
754 1061 784 1120 p.
799 1043 857 1104 78:
880 1045 942 1106 clus
963 1049 1073 1124 χεῖρας
1095 1042 1300 1123 Φαιδρυνέεις

139 1134 263 1226 ὀνύχων
286 1133 505 1227 ἅμφιτεμοῦσ’
527 1139 631 1208 liuida.

655 1397 784 1496 txltl

225 1592 316 1664 Quod
339 1606 463 1652 carmen
486 1589 551 1670 (ΙΙΙ.
575 1587 632 1675 20)
662 1592 829 1651 obscurum
860 1597 891 1652 et
921 1591 975 1652 vix
1003 1590 1136 1652 Horatio
1167 1590 1296 1667 dignum

137 1696 220 1756 dixit
252 1694 491 1771 Peerlkampius
527 1711 555 1768 p.
574 1692 652 1763 ³21,
690 1693 723 1752 id
751 1694 832 1755 tanti
861 1693 922 1754 viri
953 1694 1142 1754 auctoritate
1178 1693 1295 1753 abusus

137 1797 292 1858 Lehrsius
325 1814 355 1873 p.
379 1795 457 1855 CXX
485 1795 597 1855 licenti
627 1795 752 1872 potius,
784 1812 877 1872 quarn
899 1797 1003 1856 faceta
1028 1794 1177 1855 irrisione
1201 1795 1296 1855 corri-

138 1900 291 1978 piendum
323 1898 386 1958 sibi
408 1898 549 1975 putavit,
583 1916 645 1959 non
675 1899 740 1960 acri
764 1905 797 1960 et
819 1897 967 1976 diligenti
997 1914 1100 1958 rerum
1130 1896 1295 1958 dubiarum

138 2001 390 2079 investigatione
414 2001 665 2078 pertentandum.
709 2003 778 2080 Age
801 2003 916 2080 igitur:
946 2001 1022 2077 quia
1043 2015 1184 2078 pugnare
1207 1999 1295 2060 vide-

137 2111 187 2165 tm·
209 2121 323 2165 versus
348 2106 381 2165 9:
405 2109 439 2164 tu
462 2105 587 2163 celeres
610 2104 744 2182 sagittas
768 2104 888 2180 promis
899 2113 917 2140 “
941 2121 1011 2165 cum
1034 2119 1129 2163 versu
1155 2103 1188 2190 3¹:

290 2250 292 2254 ·
368 2223 472 2283 Dura
494 2229 584 2299 post
608 2223 747 2300 paullo
770 2221 863 2304 logica
887 2223 1068 2285 inaudax

487 2324 652 2386 Proelia
674 2332 835 2402 raptor,

140 2446 257 2506 ideone
289 2445 321 2504 id
351 2461 407 2520 pro
439 2451 525 2505 certo
556 2445 772 2505 affirmandum
800 2444 877 2515 fuit,
910 2462 972 2520 quo
995 2459 1147 2504 concesso
1178 2444 1294 2508 doceas

139 2548 358 2622 defendasque
380 2547 452 2606 fieri
476 2545 637 2622 potuisse,
660 2551 695 2606 ut
718 2548 938 2623 grammaticus
962 2547 1079 2621 aliquis
1104 2546 1173 2605 sive
1197 2549 1294 2616 „rhe-

138 2657 228 2721 tor“,
254 2651 309 2724 qui
330 2666 439 2724 parum
462 2655 548 2708 recte
572 2649 723 2720 sentiret,
748 2665 861 2710 versus
883 2665 986 2724 usque
1008 2649 1048 2709 ad
1067 2653 1184 2708 certam
1198 2665 1293 2724 qrran-

139 2753 209 2813 darn
242 2758 275 2812 at
306 2751 511 2813 deformatam
532 2749 657 2812 Horatii
685 2751 930 2812 aemulationem
960 2749 1110 2827 speciose
1132 2748 1293 2812 effutiret?

139 2854 239 2925 Quale
268 2851 463 2914 infirmitatis
494 2852 664 2930 suffugium
694 2853 834 2914 aversati
863 2853 909 2914 sic
938 2853 1044 2930 potius
1068 2853 1233 2913 statuimus
1257 2854 1293 2914 li-

138 2958 315 3018 brariorum
338 2955 466 3016 inscitia
488 2956 542 3017 hic
566 2963 728 3032 peccatum
753 2956 876 3031 aliquid
896 2972 986 3026 esse,
1009 2955 1172 3016 Horatium
1187 2962 1293 3017 autem

138 3077 200 3120 non
231 3060 334 3120 solum
363 3073 475 3118 vocem
506 3058 680 3120 inaudax
718 3059 894 3120 insolenter
929 3058 1063 3120 finxisse
1092 3058 1293 3140 (quamquam

137 3162 265 3223 videtur
296 3160 406 3237 quaeri
437 3176 551 3237 posse,
587 3178 627 3222 an
657 3161 733 3221 olim
763 3163 859 3222 luerit
894 3164 995 3224 male
1031 3162 1173 3233 audax,
1209 3162 1293 3237 quod

136 3281 218 3326 nunc
243 3270 292 3324 est
315 3263 494 3325 inaudax
518 3264 555 3324 cl.
577 3263 732 3333 Xllllllll,
755 3271 789 3324 ut
811 3264 832 3323 l.
849 3266 900 3335 37,
916 3267 954 3328 l'l
979 3267 1183 3343 suburgeus‚
1208 3266 1293 3340 quod

136 3385 220 3428 nunc
243 3371 293 3426 est
315 3363 519 3449 adurgens),
551 3365 609 3425 scd
640 3366 736 3426 etiam
759 3369 888 3428 verbum
917 3366 1081 3428 addidisse
1103 3386 1165 3427 non
1189 3368 1291 3427 minus

137 3470 315 3531 insolenter
350 3467 467 3529 dictum
498 3468 531 3528 in
560 3470 641 3528 hanc
676 3466 881 3527 sententiam:
920 3465 1069 3542 quoniam
1097 3483 1160 3528 non
1188 3469 1292 3540 vides,

137 3577 255 3648 quanto
292 3570 434 3648 periculo
471 3570 605 3631 leaenae
644 3571 765 3631 catulos
794 3586 942 3640 moveas,
979 3584 1040 3645 age
1068 3569 1148 3640 jam,
1184 3577 1292 3646 raptor

138 3671 369 3752 ignavissime,
392 3672 488 3735 etiarn
508 3658 668 3747 proelium
690 3689 784 3735 move
808 3686 900 3749 quam
924 3673 1145 3734 durissimum:

307 3791 391 3852 Non
413 3791 550 3863 vides,
574 3800 726 3869 quanto
751 3809 916 3854 moveas
938 3791 1117 3870 periclo,

310 3894 478 3969 Pyrrhe,
503 3894 700 3957 Gaetulae
724 3897 882 3958 catulos
905 3896 1091 3955 leaenae:

306 3997 410 4058 Dura
431 4003 526 4073 post
547 3993 691 4075 paullo
714 4016 816 4078 regens
841 3995 1013 4058 inaudax

435 4099 602 4162 Proelia
625 4107 774 4176 raptor.

137 4218 226 4289 Quod
250 4219 354 4295 ipsum
376 4220 507 4278 verbum
528 4217 675 4278 Ermoldo
699 4218 825 4294 Nigello
841 4217 890 4277 lll.
905 4219 959 4277 83:
981 4216 1047 4276 lam
1068 4217 1171 4292 magis
1194 4222 1289 4292 atque

136 4320 238 4398 magis
260 4337 350 4382 mens
373 4321 518 4396 improba
540 4325 628 4382 nutat
652 4326 684 4380 ct
706 4319 801 4380 armis
816 4319 946 4399 Insuper
970 4319 1106 4381 exsertis
1130 4321 1214 4382 bella
1236 4337 1288 4382 ne-
