3026 4988
788 350 852 426 litu

247 531 366 610 patrius
389 545 457 588 mos
480 527 539 586 luit
563 525 668 585 clavas
692 523 835 600 gestandi
860 517 936 602 (rid.
951 519 1105 579 Sinvlll.
1122 521 1148 579 1.
1172 537 1202 594 p.
1220 523 1278 582 152
1293 519 1398 603 sqq.)?
1488 591 1489 616 1

246 636 340 694 istam
363 636 468 691 autem
498 625 648 697 „imilem
673 632 704 684 et
728 622 1124 692 inanemssentcntiolam
1156 639 1246 697 quam
1279 625 1399 684 metri
1488 617 1489 640 ¹

246 734 481 797 necessitas
512 730 723 788 extorsit“
761 728 835 802 (boc
866 726 949 785 enim
987 725 1048 785 sibi
1087 727 1245 800 persuasit
1276 725 1398 802 lleyne·

246 853 376 897 mannus
399 832 461 892 l.d.
493 849 522 906 p.
538 829 576 889 at
607 828 645 887 od
675 825 963 903 subterfugiendum
993 825 1212 885 difficultatem
1242 828 1324 887 mire
1354 829 1398 887 in-

246 934 430 1019 geniosus):
451 948 523 992 nec
545 932 654 991 scire
677 931 736 990 las
761 935 822 989 est
846 929 978 988 omnia
1000 929 1048 1006 (ci.
1066 929 1087 988 1,
1118 930 1163 998 11,
1190 927 1222 1012 1)
1246 930 1278 989 in
1304 946 1397 1005 expe·
1489 985 1490 1012 p

246 1040 312 1100 dito
345 1044 394 1097 est
426 1051 479 1103 ea,
511 1049 601 1108 quam
632 1031 721 1091 novit
748 1030 987 1105 Peerlkampius
1010 1029 1095 1107 Virg.
1122 1034 1197 1091 Aen.
1221 1032 1257 1090 X.
1290 1051 1320 1108 p.
1338 1034 1397 1091 tot

245 1141 297 1224 (cl.
322 1138 494 1200 Mamertin.
519 1134 600 1196 Grat.
625 1136 691 1193 Act.
717 1133 767 1201 22,
796 1131 829 1193 l:
861 1133 990 1207 ecquis.
1021 1131 1090 1191 Vct.
1115 1133 1207 1206 cnsp.
1239 1134 1396 1208 necquis.

246 1242 396 1304 Claudian
436 1239 492 1314 Ep.
516 1238 565 1296 lll.
596 1236 653 1295 24:
688 1235 765 1294 Nec
795 1233 855 1293 tibi
884 1233 1044 1294 dedecori.
1075 1235 1147 1294 Luc.
1173 1236 1211 1294 al.
1241 1235 1286 1294 Et
1317 1233 1395 1318 tibi.)

245 1348 368 1406 ratione
392 1343 439 1402 sic
461 1339 640 1415 corrigere:

859 1440 1001 1513 quibus

457 1544 537 1603 Mos
559 1542 661 1602 unde
682 1541 884 1600 deductus
909 1540 979 1616 pc'r
1003 1557 1117 1600 omne

521 1646 690 1719 Tempus
713 1641 935 1703 Amazonia
958 1645 1091 1703 securi

381 1749 588 1808 ·Dcxtras
618 1747 817 1813 charmel,
853 1759 1048 1820 quaerere
1080 1744 1228 1805 distuli

413 1851 448 1911 lc
470 1847 543 1910 scire
564 1846 658 1908 iustus
682 1845 791 1909 scnlnn

244 1955 313 2016 sive
336 1951 451 2011 mavis:
475 1949 585 2009 distuli
609 1954 648 2007 et
670 1947 777 2008 llaec
800 1948 883 2006 scire
906 1947 1005 2006 fastus
1033 1949 1189 2008 semiua.“
1223 1949 1263 2010 Ut
1282 1949 1396 2012 Vinde-

243 2056 299 2116 lici
322 2054 464 2114 dicantur
486 2053 587 2127 ipsam
611 2050 815 2112 Arnazoniam
845 2049 981 2108 securim
1016 2049 1167 2110 habuisse
1189 2051 1325 2113 fastus
1349 2056 1396 2115 sui

243 2158 410 2224 semina,
440 2160 474 2213 ut
503 2153 586 2229 apud
623 2152 706 2213 alios
735 2152 872 2227 legimns
910 2151 1064 2211 semino
1098 2153 1258 2213 laudum
1287 2154 1394 2215 Heins.

243 2258 333 2319 Ouid.
356 2257 427 2317 Her.
451 2255 499 2314 lx.
523 2256 561 2316 83
592 2273 620 2330 p.
647 2254 715 2314 125.
756 2253 913 2314 semina
946 2254 1158 2325 virtutum,
1188 2259 1395 2318 scelerum

242 2361 347 2421 Barth.
370 2359 446 2419 Stat.
470 2357 565 2417 Theb.
591 2355 639 2417 lV.
664 2357 725 2415 212
750 2356 863 2430 pltll.
910 2355 996 2414 odii
1019 2356 1109 2418 Ouid.
1133 2359 1168 2416 A.
1194 2361 1229 2418 Α.
1253 2358 1304 2418 111.
1326 2362 1393 2421 512.

242 2462 356 2523 Scire
381 2467 502 2529 utitem,
527 2466 561 2518 ut
584 2459 640 2518 Sil.
664 2458 715 2521 Vl.
742 2458 817 2518 168:
844 2458 960 2518 Scire
982 2475 1118 2519 nemus
1141 2477 1318 2536 pacemque
1334 2464 1394 2522 loci

242 2565 409 2639 explorare
432 2563 579 2623 libebat‘·
625 2558 674 2620 lll.
702 2560 755 2618 12:
786 2577 877 2623 casus
901 2559 1010 2620 scire
1044 2562 1165 2622 futuros
1190 2559 1231 2608 -'
1253 2565 1393 2639 bellique

242 2667 329 2727 vices
353 2665 484 2727 novisse
507 2665 669 2741 petebat.“
714 2662 806 2722 Salm.
830 2663 960 2738 Vopisc.
984 2662 1175 2725 Saturnini
1197 2684 1226 2741 p.
1241 2666 1314 2728 tlt.

784 2880 855 2976 tlt

308 3072 509 3148 imperitiae
533 3070 742 3130 condemnant
765 3072 1006 3150 Peerlkampius
1032 3082 1062 3135 et
1086 3075 1140 3150 qui
1164 3076 1195 3135 in
1219 3077 1283 3136 boc
1306 3095 1392 3138 caus-

241 3193 343 3236 sarum
373 3188 493 3250 genere
524 3189 560 3231 sc
589 3173 726 3232 libenter
755 3176 887 3248 praebet
916 3177 1096 3248 credulum,
1131 3179 1283 3238 Lehrsius
1313 3195 1392 3248 eum,

242 3277 296 3353 qui
326 3277 403 3336 lecit
431 3275 709 3344 carmenlll.1t,
743 3292 802 3335 nec
834 3276 1014 3339 bleinelrius
1044 3280 1177 3340 lenioris
1214 3283 1392 3341 sententiae

241 3385 349 3440 auctor
373 3394 482 3437 versus
506 3378 566 3436 hos
589 3372 729 3458 (2-ilt

350 3479 526 3568 ‚Quiando
557 3480 791 3555 et-priores
822 3479 913 3540 hinc
935 3482 1094 3542 Lamias
1124 3483 1263 3542 lerunt

431 3580 724 3642 Denominatcs
749 3588 787 3640 et
811 3589 1000 3658 nepotum

473 3682 544 3742 Per
565 3697 757 3742 memores
781 3698 905 3760 genus
929 3701 1039 3760 omne
1062 3687 1212 3758 fastos,

242 3833 247 3838 .
365 3787 548 3846 Auctore
571 3785 616 3844 ab
640 3784 715 3845 illo
738 3786 819 3848 ducis
844 3787 1045 3864 originem

238 3905 301 3948 non
324 3894 419 3963 negat
441 3901 513 3958 csse
536 3885 669 3946 Horatii.
724 3889 833 3965 Longe
856 3889 920 3949 alio
942 3906 1031 3950 mens
1055 3896 1104 3949 est
1127 3890 1218 3950 nobis
1243 3893 1389 3953 subtilius

238 3989 381 4049 codicum
405 3989 544 4066 vestigia
566 3989 761 4048 rimantibus.
807 3989 895 4060 Quod
919 3992 1001 4051 enim
1025 3991 1151 4052 lleinsii
1175 3993 1390 4066 coniecturae:

239 4091 344 4150 ducit
371 4092 621 4166 postltabuerunt
643 4089 805 4161 Bentlejns
838 4100 870 4151 et
893 4093 1048 4169 Hauptius
1079 4096 1217 4155 onmium
1240 4097 1389 4156 librorum

239 4207 394 4252 consensu
426 4193 597 4269 proditum:
636 4193 763 4263 duciS,
793 4195 915 4256 idnon
947 4196 1041 4258 dubie
1065 4198 1167 4274 arguit
1200 4197 1268 4271 ejus
1292 4217 1389 4276 grum·

238 4293 343 4356 roatici
373 4309 523 4368 operam,
556 4294 609 4367 qui
640 4298 866 4373 superscripsit
889 4299 1011 4358 litteras
1041 4299 1093 4370 is,
1125 4318 1185 4360 non
1218 4301 1303 4378 quod
1326 4301 1389 4361 dn-
