3026 4988
685 349 728 418 tt

122 532 310 586 monstra
340 523 526 584 natantia
554 524 620 598 [ptri
652 523 755 583 vidit
786 539 889 584 mare
919 525 1118 584 turbidum
1149 523 1276 596 conjun-

122 629 228 706 genda
252 643 326 688 esse
349 627 427 686 satis
452 632 619 702 appareat,
650 626 787 686 dubitari
810 644 872 686 nou
899 632 1021 702 potest,
1046 627 1120 702 quin
1145 625 1199 702 qui
1223 643 1279 686 00-Ι

123 733 245 792 scirent
277 731 358 807 apud
389 730 557 807 Virgilium
586 731 667 790 haec
696 729 762 806 legi
799 729 913 807 Georg.
938 731 985 790 lll.
1016 732 1094 792 259:
1133 731 1275 806 abruptis

97 822 291 894 'turbata
325 833 476 908 procellis
510 833 609 893 Nocte
650 837 762 892 natat
803 847 898 891 caeca
931 847 1021 890 serus
1054 832 1190 892 freta“
1223 839 1276 892 aut

123 935 178 1010 qui
216 952 326 1009 parurn
361 940 552 1010 compertam
585 934 739 994 haberent
774 951 839 993 rem
873 952 891 994 a
925 933 1069 994 Charisio
1100 941 1131 994 et
1164 933 1276 995 Prisci-

122 1056 184 1098 ano
221 1044 446 1106 contestatam,
484 1053 541 1112 per
575 1037 761 1097 saunastnm
795 1037 906 1097 Exere.
936 1035 1013 1096 Plin.
1044 1056 1073 1112 p.
1098 1040 1167 1099 200.
1190 1039 1218 1098 b.
1242 1039 1275 1099 E.

122 1141 290 1201 Heinsium
314 1141 403 1201 Ouid.
420 1143 454 1201 A.
473 1143 508 1201 A.
526 1138 575 1198 lii.
592 1140 629 1201 ot
656 1158 685 1214 p.
702 1139 772 1198 000.
806 1140 1015 1199 Burmanuum
1037 1141 1080 1198 lb.
1094 1142 1154 1199 200
1179 1159 1211 1216 p.
1223 1142 1274 1204 00,

120 1243 327 1304 Arntzenium
345 1241 451 1302 Sedul.
468 1243 501 1301 ΙΙ.
518 1243 557 1301 00
582 1260 612 1316 p.
632 1243 701 1302 100.
733 1240 892 1317 Silligiuru
907 1242 1017 1301 Catull.
1035 1243 1064 1311 4,
1080 1244 1118 1302 23
1144 1262 1171 1319 p.
1187 1245 1204 1304 9
1218 1261 1275 1318 sq.‚

121 1345 205 1405 alios
227 1344 288 1415 jam
308 1346 542 1421 pervulgatam,
567 1359 670 1404 mare
696 1345 833 1403 ventis
857 1343 1061 1402 turbidum
1085 1345 1276 1420 sumpserint

120 1449 310 1524 legentiqne
340 1447 568 1506 insultaverint
590 1448 649 1506 hor
675 1447 768 1506 modo
793 1447 930 1507 illatum:
966 1446 1032 1520 qni
1060 1445 1141 1506 vidit
1169 1463 1275 1508 mare

121 1548 355 1608 turbidurn“
380 1567 436 1624 pro
451 1549 529 1608 inari
544 1548 625 1624 ipsis
647 1549 839 1608 monstris
861 1549 1029 1608 turbido
1045 1545 1155 1632 („cum
1170 1550 1274 1611 subito

121 1666 285 1710 emersere
314 1651 467 1710 furenti
503 1668 636 1727 corpora
666 1657 789 1726 ponto
821 1651 886 1710 Cat.
918 1652 936 1710 l.
956 1651 983 1710 d.
1014 1651 1051 1710 cl.
1082 1651 1153 1711 Seu.
1180 1652 1274 1728 Hipp.

123 1753 204 1812 1007
231 1753 310 1832 sq.)‚
342 1753 426 1828 quod
455 1759 552 1828 poeta
580 1753 631 1813 iris
663 1754 860 1813 ostenderat:
892 1759 1029 1815 monstra
1057 1755 1198 1814 natantia
1221 1754 1274 1828 qui

122 1856 207 1915 vidit
231 1871 337 1916 mare
360 1856 538 1916 turbido:
563 1856 624 1915 hoc
645 1856 730 1914 enim
753 1855 846 1914 alteri
870 1855 933 1916 illi:
957 1855 1163 1917 turbidum“
1186 1873 1275 1932 prae-

119 1959 188 2018 fero
214 1957 400 2035 praesertim
424 1957 608 2017 recordatus
632 1957 696 2016 Cat.
721 1957 739 2016 l.
757 1957 804 2016 d.:
839 1957 963 2036 Nigro
988 1959 1084 2019 multa
1106 1959 1204 2019 mari
1228 1958 1273 2017 di·
1328 1964 1332 1973 '

120 2068 195 2120 cunt
225 2065 373 2136 portenta
400 2066 540 2120 natare.“
600 2059 731 2135 Sumpta
767 2068 873 2120 autern
910 2077 965 2131 eo,
1002 2060 1085 2136 quod
1120 2062 1274 2122 evicimus

119 2163 251 2226 minime
281 2161 465 2222 sumendum
496 2161 613 2230 fuisse,
649 2158 719 2220 sieri
754 2180 816 2222 000
848 2162 970 2239 potuit,
1000 2163 1074 2238 quin
1107 2165 1273 2239 suspensis

119 2263 305 2324 vocabulis:
329 2271 506 2325 monstra
529 2263 715 2324 natantia
743 2265 871 2338 aliquod
905 2265 1129 2328 adminiculum
1153 2267 1273 2326 inveni-

119 2373 208 2426 retur
232 2373 265 2426 et
288 2367 392 2442 ipsum
415 2368 492 2436 lroe,
526 2366 610 2441 quod
633 2367 769 2426 maxime
793 2368 919 2427 obvium
942 2375 1045 2436 esset,
1069 2368 1273 2438 adjiceretur:

121 2469 190 2545 qui
221 2475 359 2530 monstra
390 2469 546 2537 natantia,
583 2469 637 2543 qui
666 2467 746 2528 vidit
777 2485 861 2528 mare
892 2480 965 2526 -.“
1021 2469 1059 2529 Ut
1089 2470 1151 2530 dno
1182 2470 1274 2530 simul

120 2577 312 2648 appareant:
344 2577 376 2630 et
405 2572 537 2631 alterum
563 2571 641 2630 illud
665 2571 751 2646 qui,
782 2572 866 2647 quod
895 2572 927 2632 in
957 2571 1117 2648 principio
1148 2582 1273 2632 senten-

119 2676 187 2734 tiae
215 2673 279 2745 jam
309 2675 436 2750 penitus
467 2672 585 2732 insedit
614 2679 709 2747 atque
739 2675 947 2742 inveteravit,
985 2675 1055 2734 loco
1085 2674 1273 2734 movendum

122 2793 196 2837 esse
229 2782 324 2852 atque
347 2775 559 2846 abjiciendam
584 2781 615 2834 et
640 2776 719 2835 vitio
742 2777 932 2851 provenisse
957 2778 1095 2838 nobilem
1118 2778 1204 2836 illam
1228 2783 1278 2836 tot

121 2878 352 2940 controversiis
375 2893 486 2937 vocem
510 2876 650 2937 siccis.
687 2877 781 2948 Cujus
806 2880 876 2939 loco
901 2880 976 2955 quid
999 2879 1174 2954 antiquitus
1198 2880 1273 2939 scri-

16 3035 21 3042 .
121 2989 210 3058 ptum
240 2979 383 3054 extiterit
412 2995 471 3040 nec
501 2979 633 3041 difficile
669 2981 708 3040 ad
745 2982 969 3043 inveniendum
1007 2989 1057 3041 est
1091 2998 1150 3042 000
1178 2982 1274 3041 dubie

122 3085 235 3162 colligi
259 3084 384 3144 ridetur
408 3099 446 3144 ex
470 3084 636 3160 vestigiis,
670 3099 752 3157 quae
783 3084 815 3144 00
845 3104 907 3146 000
936 3086 1085 3145 leidensi
1108 3085 1188 3147 libro
1211 3103 1274 3146 ma-

122 3193 207 3247 nent.
254 3188 287 3246 ln
311 3203 373 3261 quo
398 3187 482 3261 quod
506 3187 639 3262 legitur:
663 3187 790 3246 scicis
814 3193 933 3248 tantum
955 3190 1047 3248 abest
1070 3195 1103 3248 at
1127 3189 1159 3248 in
1177 3189 1274 3248 mani-

121 3289 216 3350 festis
253 3289 451 3349 librariorum
488 3289 647 3350 erroribus
683 3290 905 3350 numerandum
944 3305 1018 3350 esse
1052 3289 1274 3366 Peerlkampio

122 3392 297 3460 assentiar,
331 3397 364 3450 nt
397 3391 608 3451 certissimum
636 3392 770 3452 habeam
793 3393 861 3451 veri
894 3400 1108 3468 argumentum
1141 3399 1172 3452 et
1195 3392 1275 3452 indi·

122 3493 222 3554 cium:
247 3494 430 3568 quantulum
455 3494 538 3554 enim
562 3494 695 3554 interest
719 3494 802 3553 inter
825 3494 953 3553 scicis
978 3499 1011 3553 et
1034 3492 1153 3554 scitis
1177 3493 1209 3552 id
1225 3499 1276 3552 est

124 3591 176 3677 (cf.
201 3591 230 3676 I)
255 3595 423 3664 excitis,
449 3595 533 3669 quod
557 3597 653 3657 verbo
671 3596 832 3670 aliquanto
857 3596 969 3656 rariori
994 3601 1183 3656 exsertus
1206 3611 1276 3654 cum

122 3697 200 3758 alibi
230 3703 295 3755 turn
334 3697 416 3773 apud
455 3698 659 3758 Claudianum
690 3698 743 3780 (lV
779 3698 870 3757 Cons.
902 3697 979 3758 Hon.
1004 3699 1065 3759 200
1097 3703 1275 3759 exertum

122 3815 245 3876 agmen.
275 3798 357 3858 Vatt.
388 3800 468 3859 Rott.
501 3800 581 3869 ltled,
614 3816 676 3860 sec.
700 3800 805 3860 Petav.
834 3818 878 3876 pr.
911 3797 1103 3884 excitum)
1125 3799 1274 3859 nocuisse

122 3900 288 3962 docuimus
320 3900 645 3973 secundianum.
684 3921 713 3978 p.
737 3903 798 3962 080
822 3899 891 3976 sep?
943 3901 1059 3961 Oculos
1088 3906 1285 3960 exsertos·

122 4011 229 4066 autem
252 4003 322 4063 sive
348 4005 487 4066 intentos
511 4021 548 4065 ac
570 4005 709 4081 rigidos,
733 4010 766 4064 ut
790 4004 834 4064 ait
856 4004 1038 4064 Ammianus
1061 4003 1152 4063 Marc.
1169 4000 1274 4062 XXIX.
1384 4026 1386 4030 ·

124 4108 154 4176 2,
179 4107 231 4175 23,
256 4106 404 4183 apposite
426 4107 466 4167 ad
489 4107 695 4176 audacissimi
718 4106 857 4167 hominis
881 4109 1019 4165 naturam
1041 4105 1107 4164 dici
1131 4104 1202 4179 quis
1226 4111 1279 4164 est

124 4209 199 4284 quin
223 4204 365 4270 sentiat?
416 4209 481 4269 Nec
503 4209 634 4279 desunt,
659 4209 713 4284 qui
737 4208 820 4283 quod
842 4207 972 4268 Horatio
996 4206 1174 4282 placuerat,
1205 4224 1282 4282 pro--

123 4312 216 4374 basse
241 4310 409 4370 videantur
434 4319 465 4370 et
490 4327 702 4388 propagasse,
738 4308 950 4378 Quintilianus
974 4307 1021 4366 XI.
1048 4309 1076 4379 3,
1100 4309 1157 4368 to:
1191 4309 1276 4371 oculi
