3052 4996
748 301 771 368 8

177 485 313 552 tenet“;
344 477 525 538 lastibus
550 481 745 552 proterva
767 477 889 543 autem,
919 478 953 534 ut
976 472 1051 534 Stat.
1077 473 1152 536 Silv.
1176 475 1211 535 V.
1231 479 1259 547 5,
1275 475 1331 536 68:

177 583 328 644 lnlantem
351 581 481 657 linguae
508 577 659 638 eximium
690 561 919 652 salibusque
945 582 1182 650 protervum
1214 579 1251 638 ci.
1276 579 1330 640 Po-

177 685 276 758 litian.
299 683 416 744 Nutric.
442 699 471 756 p.
496 681 577 750 aba:
609 696 705 750 „ore
731 677 967 756 protervior
991 679 1126 740 Anser.“
1151 679 1221 741 Sen.
1238 681 1331 757 Hipp.

180 787 255 848 303:
277 786 425 848 Fronte
450 799 531 844 nunc
554 788 672 842 torva
695 781 887 857 petulans
909 779 1109 856 juvencus“;
1135 799 1217 858 quae
1237 786 1334 844 verba

178 905 219 950 ne
241 887 359 949 Tibulli
374 885 410 947 ΙΙ.
429 887 456 956 1,
472 886 527 946 tl:
556 885 610 945 hic
632 885 741 946 dicere
762 881 858 954 jussit
880 883 990 943 Limen
1013 884 1052 944 ad
1081 884 1213 946 iratae
1237 887 1334 946 verba

179 989 325 1067 pudenda
351 996 489 1048 senem“
521 985 790 1063 comparationem
820 985 984 1060 requirere
1014 993 1125 1062 putes,
1154 989 1237 1048 hunc
1260 994 1335 1048 tene

179 1108 254 1152 esse
285 1090 443 1152 ordinem:
476 1089 586 1160 „tibi
622 1089 803 1150 fastibus
840 1088 998 1148 crebris
1034 1095 1258 1165 protervae
1288 1089 1334 1161 ju-

178 1209 278 1254 venes
303 1192 428 1269 parcius
458 1192 669 1258 fenestras
700 1189 823 1261 junctas
854 1191 1045 1266 quatiunt
1075 1207 1146 1252 neo
1169 1211 1334 1254 somnos

180 1296 393 1358 adimunt.“
437 1294 585 1370 Denique
608 1293 698 1354 vocis
723 1293 905 1369 parcius,
931 1311 1024 1369 quam
1039 1295 1123 1354 idem
1139 1297 1225 1355 velle
1240 1301 1336 1370 atque

181 1399 315 1460 rarius
348 1398 457 1459 dicunt
495 1404 527 1458 et
563 1399 667 1458 Acron
696 1395 959 1472 Porphyrionque
993 1402 1025 1456 et
1054 1396 1335 1466 Mitsoherliobius,

180 1501 244 1562 uim
275 1507 306 1560 et
338 1506 533 1577 potestatem
566 1499 683 1559 rectius
715 1497 891 1559 deliniendi
923 1499 1046 1575 copiam
1069 1501 1187 1560 faciunt
1211 1506 1241 1560 et
1265 1500 1337 1576 ipse

180 1602 336 1680 Virgilius
359 1603 422 1662 Ecl.
448 1602 500 1672 ΙΙΙ,
524 1604 560 1671 7,
592 1599 680 1672 cujus
702 1599 921 1661 testimonium
945 1602 1137 1678 interposuit
1160 1603 1280 1671 Acron,
1305 1605 1338 1660 et

182 1705 316 1768 Ovidius
345 1705 443 1782 Epist.
476 1703 554 1763 Vlll.
587 1704 641 1763 13:
683 1701 853 1770 ,Parcius
892 1704 1133 1766 Andromachen
1173 1704 1338 1766 vexavit

185 1807 307 1869 Achaia
331 1807 472 1869 victrix“
498 1815 528 1868 et
553 1804 734 1868 Ammianus
757 1803 848 1865 blara.
873 1805 963 1866 XXV.
985 1809 1013 1877 1,
1040 1809 1092 1868 12:
1118 1813 1179 1878 „ut
1203 1808 1249 1869 ibi
1271 1815 1337 1869 tan·

183 1914 247 1971 tum
272 1909 448 1971 incidentia
470 1910 535 1970 tela
557 1907 683 1984 possint
706 1907 859 1977 haerere,
884 1907 946 1984 qua
962 1925 1019 1984 per
1034 1926 1185 1970 cavernas
1201 1909 1337 1971 minutas

184 2019 216 2072 et
239 2013 368 2073 orbibus
393 2014 554 2074 oculorum
577 2010 698 2070 adfixas
722 2009 890 2085 parcius
914 2010 1060 2070 visitur.“
1107 2011 1161 2072 Sil.
1176 2012 1239 2072 llV.
1261 2015 1338 2075 ⁵159:

184 2130 406 2191 „parceque
444 2113 577 2191 petitum
612 2111 800 2173 Perstrinxit
838 2121 984 2188 corpus.“
1036 2114 1070 2172 ll.
1092 2115 1170 2174 474:
1207 2095 1344 2184 „haud

185 2233 304 2293 parce
327 2217 526 2277 miratus.“
546 2214 679 2276 Martial.
703 2212 782 2273 VIII.
797 2215 847 2285 38,
861 2217 888 2274 6.
928 2214 1058 2286 Quaerit
1077 2217 1153 2293 quid
1168 2215 1232 2277 nisi
1252 2236 1338 2294 par-

185 2317 273 2380 cius
297 2315 432 2380 dolere?
471 2317 565 2395 Seyff.
583 2318 645 2379 Cic.
660 2320 748 2378 Tusc.
765 2318 801 2378 V.
819 2319 867 2389 14,
885 2320 922 2378 41
949 2338 977 2396 p.
992 2323 1044 2381 98.
1090 2319 1130 2380 ΙΙΙ
1144 2321 1341 2399 intelligatur

183 2423 320 2495 juvenes
350 2424 577 2502 languescente
597 2420 661 2492 jam
683 2421 809 2482 fervore
834 2427 865 2481 et
889 2423 981 2498 quasi
1009 2431 1206 2500 parcente
1228 2444 1340 2487 manu

186 2523 277 2609 (Stat.
301 2525 415 2587 Achill.
439 2524 460 2585 Ι.
485 2516 561 2608 5Ι2)
584 2525 742 2585 fenestras
765 2525 894 2584 vellere.
942 2527 1028 2586 Conl.
1049 2526 1126 2586 lllV.

269 2630 336 2690 lam
365 2629 544 2690 faciendum
576 2634 641 2698 est,
678 2634 712 2687 ut
744 2628 870 2688 landem
900 2627 1022 2704 liqueat
1052 2629 1092 2689 de
1123 2631 1340 2692 Claudiani

186 2734 257 2793 loco
280 2733 408 2808 Eutrop.
433 2730 454 2790 l.
481 2733 537 2792 92:

356 2832 432 2904 jam
455 2835 570 2892 turba
593 2849 762 2907 procax,
785 2834 1006 2909 noctisque
1030 2835 1187 2893 recedit

315 2934 499 2996 Ambitus
523 2939 561 2993 et
585 2951 677 2994 raro
702 2934 899 3009 pulsatur
921 2933 1051 3004 janua
1072 2939 1161 2998 tactu.

187 3039 286 3111 Quem
310 3054 404 3113 quurn
427 3036 467 3097 ad
489 3036 612 3100 Horatii
637 3036 814 3111 exemplum
840 3051 1027 3112 expressum
1048 3052 1122 3096 esse
1142 3053 1251 3097 ornnes
1268 3045 1342 3097 ante

187 3139 357 3217 Hauptium
381 3139 537 3209 dixerint,
562 3155 654 3199 nemo
677 3145 782 3199 tamen
805 3154 882 3198 vere
905 3145 958 3198 aut
976 3138 1150 3215 explicavit
1168 3146 1222 3199 aut
1237 3156 1341 3200 emen-

188 3243 282 3304 davit.
335 3241 375 3302 Ut
405 3240 490 3301 enirn
518 3241 656 3318 Hauptio
689 3242 917 3317 concedamus,
948 3241 1033 3316 quod
1063 3242 1195 3303 concedi
1226 3259 1341 3319 nequa-

189 3364 281 3423 quam
311 3351 436 3421 potest,
471 3343 621 3416 jactum
645 3344 784 3422 intelligi
808 3343 990 3421 lapidum
1015 3343 1148 3415 jactum:
1183 3346 1362 3430 quidhoc

188 3449 350 3510 mentione
381 3447 486 3508 afferri
516 3449 619 3523 potuit
645 3448 783 3509 alienius
813 3452 845 3508 et
874 3447 1001 3524 longius
1038 3446 1214 3519 sejunctum
1242 3466 1261 3509 a
1291 3449 1342 3508 de-

189 3531 533 3628 scriptionenocturni
556 3552 709 3622 ambitus,
735 3568 797 3627 quo
817 3550 947 3612 Laidem
970 3567 988 3610 a
1011 3555 1057 3612 tot
1080 3551 1187 3628 procis
1211 3552 1343 3628 petitam

188 3654 290 3716 luisse
320 3659 352 3713 et
384 3653 574 3714 Claudianus
611 3659 715 3714 narrat
753 3658 785 3714 et
816 3653 872 3714 alii
909 3653 1033 3725 dicunt,
1070 3660 1104 3716 ut
1134 3655 1343 3716 Philostratus

188 3757 288 3833 Epist.
302 3757 359 3816 la:
383 3752 412 3818 εἷ
434 3755 600 3838 Κορινθία
622 3745 730 3835 ἦσθα,
754 3755 828 3818 τῶν
850 3757 1010 3832 Λαΐδος
1031 3753 1170 3839 κώμων
1193 3751 1231 3819 dv
1248 3756 1343 3837 ἔμνη-

188 3855 354 3941 μόνευσας.
405 3861 507 3920 Burm.
538 3860 628 3937 Prop.
652 3859 687 3919 ll.
713 3863 742 3929 5,
769 3861 783 3920 1
814 3879 843 3936 p.
862 3857 949 3921 ale?
1000 3861 1065 3921 Nec
1095 3877 1170 3920 vero
1201 3859 1343 3920 difficilis

190 3962 259 4023 veri
283 3961 465 4034 conjectura
487 3963 648 4039 reputanti
681 3964 769 4034 „hoc
799 3963 903 4039 ipsum
932 3964 1032 4024 fuisse
1061 3963 1201 4051 antiquis
1223 3968 1343 4038 tempo-

190 4066 277 4128 ribus
311 4067 469 4139 solemne,
506 4071 540 4127 ut
568 4065 682 4127 lascivi
717 4065 851 4138 juvenes
883 4101 924 4110 -
952 4071 1025 4126 ante
1053 4064 1139 4125 tores
1175 4065 1344 4125 amicarum

191 4168 431 4229 comissabundi
455 4169 680 4240 convenirent,
706 4185 783 4246 quas
809 4168 1006 4231 cantionibus
1031 4173 1127 4244 atque
1148 4168 1269 4228 musica
1292 4170 1342 4227 ob-

192 4271 373 4330 lectarent“
404 4271 526 4331 Weluli.
550 4271 696 4333 Philostr.
727 4272 779 4332 lm.
804 4271 825 4331 Ι.
851 4273 868 4330 2
895 4289 923 4346 p.
941 4271 1001 4330 204
1023 4286 1068 4344 sq.
1113 4271 1344 4331 Parumautem

353 4693 357 4700 ’
470 4778 865 4934 μιν
