3052 4996
704 359 744 430 ³1

107 583 110 587 .
139 539 223 592 tem
262 529 377 616 (Bentl.
402 532 451 593 lll.
474 534 525 601 27,
552 529 606 616 39)
643 536 932 607 quotumquemque
968 530 1167 590 librariorum
1196 531 1300 591 credis

141 642 342 712 compertum
370 635 522 697 habuisse
552 634 710 711 exemplis
733 633 869 708 Luperci
893 634 985 694 Anth.
1007 635 1071 694 Lat.
1095 633 1144 693 ΙΙΙ.
1170 636 1221 704 74,
1247 635 1300 694 10:

138 745 254 799 votum
290 739 496 800 insaturabile
532 737 670 798 habendi
706 736 818 798 Imbuit
854 736 994 797 infami
1029 743 1158 813 pectora
1193 745 1301 798 nostra

140 843 281 901 malo“
305 847 337 901 et
359 840 495 901 Phaedri
518 839 567 899 lll.
592 841 621 910 8,
649 841 702 901 15:
744 841 789 899 Tu
817 839 947 900 formam
976 855 1016 899 ne
1045 856 1225 916 corrumpas
1248 855 1301 900 ne-

143 945 269 1019 quitiae
293 944 440 1004 malis“
465 949 496 1002 et
520 959 612 1018 quem
635 942 740 1002 attulit
763 942 957 1001 Burmannus
983 941 1301 1018 p.187,Lampridii

143 1046 255 1106 Seuer.
271 1048 324 1106 38:
348 1045 388 1106 Ut
404 1047 463 1106 fias
487 1045 612 1105 animi
636 1044 754 1104 malis
767 1044 907 1120 repulsis
923 1044 1057 1105 Pulcher
1065 1055 1083 1082 ‘⁸
1107 1062 1143 1106 ac
1158 1044 1302 1105 Senecae

143 1151 275 1225 Thyest.
302 1149 377 1209 349:
400 1152 503 1207 metus
528 1151 559 1206 et
582 1146 644 1206 diri
672 1146 776 1207 mala
799 1147 972 1222 pectoris.“
997 1148 1052 1209 al:
1090 1163 1172 1207 neve
1193 1146 1300 1207 furiali

142 1253 250 1313 malo
279 1250 452 1328 aspergite
482 1266 567 1309 aras:
612 1249 702 1308 stabo
733 1255 764 1308 et
795 1250 910 1309 arcebo
941 1251 1077 1310 scelus“
1113 1251 1235 1310 Petron.
1265 1248 1300 1306 f.

143 1354 270 1431 ps868:
295 1353 400 1413 cordis
422 1353 525 1415 mala
546 1351 630 1412 livor
652 1357 747 1426 atque
771 1352 895 1412 luxus.“
940 1351 1004 1412 Neo
1027 1351 1129 1412 miuus
1153 1351 1299 1412 librarios

142 1456 262 1517 fefellit
288 1473 339 1517 res
363 1472 507 1517 renunc
531 1455 659 1530 quidem
690 1453 769 1513 satis
800 1453 974 1530 explicata3
1005 1470 1099 1528 quum
1123 1455 1207 1514 euim
1230 1473 1301 1515 con-

144 1558 281 1619 suetudo
302 1560 364 1618 boc
386 1559 498 1628 ferret,
530 1563 564 1617 ut
588 1555 792 1616 scriberetur:
823 1555 890 1630 qui
922 1555 1068 1618 immunis
1098 1557 1190 1617 malis
1221 1563 1300 1621 est.

144 1661 175 1721 si
198 1661 307 1738 tetigit
331 1677 426 1730 aram,
451 1660 534 1721 farre
557 1660 614 1736 pio
637 1665 771 1735 penates
794 1659 969 1730 mollivit“‚
992 1660 1054 1720 hoo
1078 1665 1193 1730 tamen,
1218 1659 1303 1736 quod

143 1765 322 1840 posuimus,
347 1761 600 1838 reprehensione
624 1764 766 1826 caruisse
789 1763 904 1822 docent
927 1761 1076 1822 Horatius
1098 1763 1197 1839 Epist.
1223 1762 1242 1822 l.
1271 1765 1298 1832 5,

146 1869 203 1928 13:
235 1867 382 1927 Parcus
413 1867 452 1925 ob
475 1864 605 1924 heredis
630 1881 733 1924 curam
756 1865 951 1939 nimiumque
975 1880 1147 1924 severus
1169 1866 1300 1925 Assidet

144 1970 290 2029 insano.“
335 1968 384 2027 lll.
409 1969 461 2038 20,
488 1967 542 2026 15:
580 1966 689 2036 Qualis
714 1973 767 2026 aut
789 1967 904 2026 Nireus
926 1967 986 2026 fuit
1009 1973 1062 2026 aut
1085 1983 1206 2042 aquosa
1229 1969 1300 2028 Ra-

144 2079 240 2148 ptus
264 2073 302 2132 ab
327 2071 413 2131 lda.“
460 2070 652 2131 Claudianus
664 2071 695 2129 L.
709 2069 774 2129 Ser.
793 2069 867 2128 142:
891 2069 959 2129 Non
983 2071 1079 2130 talem
1102 2105 1144 2114 -
1164 2071 1299 2131 Alcinoo

143 2173 355 2252 genitam.“
401 2172 523 2233 Seneca
544 2171 606 2231 Vit.
630 2173 715 2231 Beat.
733 2173 768 2230 6:
791 2174 901 2233 beatus
927 2172 1109 2244 estjndicii
1133 2180 1300 2234 rectus‘‹

144 2276 178 2335 id
202 2281 251 2334 est
275 2277 408 2345 „beatus
433 2274 461 2333 is
486 2280 544 2343 est,
572 2275 626 2349 qui
650 2280 754 2333 rectus
775 2273 890 2345 judicii
914 2282 984 2334 est“
1008 2281 1040 2334 et
1063 2292 1143 2350 quos
1168 2291 1301 2336 comme·

144 2377 280 2438 moravit
303 2375 574 2454 Naegelsbachius
598 2375 665 2436 Stil.
690 2378 755 2438 Lat.
780 2395 810 2453 p.
834 2378 892 2450 733
917 2395 987 2437 nam
1010 2378 1174 2454 copiosius
1198 2378 1238 2437 de
1262 2394 1300 2438 eo
1341 2371 1343 2376 ’

145 2496 266 2558 genere
304 2480 535 2556 explicabimus
571 2479 603 2539 in
641 2479 759 2540 Cinnae
796 2480 1030 2540 commentariis
1053 2481 1075 2539 1.
1108 2480 1136 2550 3,
1169 2481 1203 2550 1,
1240 2497 1302 2556 qua

146 2583 293 2642 Ouidio
317 2582 407 2642 Trist.
432 2580 467 2641 Il.
492 2582 552 2642 433
576 2583 658 2642 haec
681 2583 842 2643 reddenda
865 2599 938 2642 esse
962 2582 1190 2642 obtinebimus:
1220 2581 1301 2652 Quid

145 2686 280 2746 referam
295 2684 443 2753 Ticidae,
468 2685 544 2760 quid
557 2684 684 2744 Memmi
701 2701 842 2755 carmen,
867 2685 951 2762 apud
964 2701 1043 2759 quos
1059 2685 1164 2744 Rebus
1188 2685 1302 2744 adest

145 2803 260 2849 nomen
291 2787 538 2862 nominibusque
567 2787 670 2864 pudor
692 2788 793 2847 -Et
825 2803 956 2862 quorum
986 2788 1023 2847 in
1054 2787 1177 2847 libris
1207 2787 1300 2847 modo

146 2890 413 2950 dissimulata
448 2891 585 2951 Perillae
629 2890 764 2951 Nomine
809 2909 890 2952 nunc
931 2891 1049 2969 legitur
1093 2890 1195 2960 dicta,
1235 2889 1299 2950 lle-

147 2994 241 3063 telle,
264 2999 351 3052 tuo.“

675 3197 773 3293 xvl.

232 3368 319 3439 Quae
343 3368 375 3428 in
398 3369 536 3428 carmine
560 3369 581 3428 l.
608 3370 658 3438 31,
686 3371 723 3432 14
748 3377 872 3433 extant:

315 3487 386 3547 Dis
410 3503 524 3547 carus
547 3488 673 3564 ipsis,
698 3491 852 3566 quippe
875 3497 937 3550 ter
964 3497 1001 3550 et
1025 3499 1172 3567 quater

319 3590 397 3652 luno
420 3591 612 3651 revisens
636 3607 790 3667 aequor
812 3592 1062 3654 Atlanticum

375 3693 556 3770 Impune,

146 3811 177 3872 in
204 3811 424 3888 gravissimam
447 3811 716 3889 vituperationem
744 3815 878 3876 adducta
894 3816 961 3876 his:
986 3817 1080 3877 nimis
1104 3834 1123 3877 a
1145 3832 1222 3876 vero
1246 3818 1296 3877 ab·

146 3915 253 3974 horret
284 3920 330 3974 tot
361 3914 477 3976 itinera
508 3917 676 3990 quotannis
706 3917 803 3988 iacta,
839 3917 966 3980 etiamsi
993 3935 1079 3979 mare
1108 3920 1300 3979 Atlanticum

147 4034 199 4077 ora
230 4017 421 4078 occidentali
449 4016 657 4079 Mauritaniae
693 4019 746 4080 hio
775 4021 896 4081 finias“
935 4021 1174 4096 Peerlkampius
1205 4020 1299 4091 ejecit

147 4118 406 4195 collaudatusque
430 4121 515 4181 omni
537 4122 705 4181 verborum
727 4123 849 4182 honore
872 4128 922 4182 est
945 4123 1138 4183 alleinelrio
1159 4129 1189 4182 et
1203 4124 1298 4184 Lehr-

147 4221 193 4281 sio
224 4240 253 4297 p.
276 4222 328 4282 LX
365 4228 396 4283 et
424 4223 651 4300 Heynemanuo
689 4224 728 4282 de
758 4225 907 4300 Interpol.
939 4244 968 4301 p.
993 4226 1042 4286 25.
1100 4223 1167 4296 Quo
1197 4226 1298 4305 magis

146 4325 255 4384 mirum
281 4331 329 4385 est
353 4326 465 4386 doctos
488 4327 634 4387 homines
650 4328 722 4386 voci
746 4326 906 4402 impune
930 4328 1010 4390 adeo
1029 4346 1090 4388 non
1105 4328 1295 4402 intendisse,
