3026 4988
756 312 821 386 tat

212 502 283 567 veri
305 497 449 575 emergit.
493 491 635 555 Occurrit
657 496 761 549 autem
786 493 818 547 et
842 484 933 560 quasi
957 485 1042 544 lucet
1064 481 1197 559 primum
1212 483 1290 542 hoc:
1313 499 1373 541 no-

213 610 298 670 mine
320 601 476 680 Nympha
497 593 598 679 (quod
618 609 680 652 non
703 592 806 651 minus
831 594 918 649 recte
940 586 1025 656 dici,
1056 602 1146 661 quam
1171 584 1371 660 Nympham

212 710 307 774 testis
330 711 380 767 est
401 700 537 763 maxime
562 691 709 776 Ovidius)
740 693 788 752 sic
811 691 946 764 scripto,
975 693 1009 746 ut
1039 686 1157 763 scripta
1187 685 1373 746 invenimus

213 817 365 890 Libyae
393 802 477 880 apud
501 796 731 872 Philargyrium
756 793 842 869 Virg.
866 788 1211 867 Georg.lll.175.pro
1242 787 1372 863 Libye,

213 928 248 983 ut
284 908 438 979 indicavit
472 900 621 964 Barthius
655 896 818 956 Adv.L.'t
856 894 984 971 paeto
1021 899 1053 952 et
1082 907 1161 966 quos
1192 889 1372 951 nominavit

214 1013 447 1082 Wernsdorfius
469 1006 505 1067 Ρ..
523 1007 557 1065 L.
581 1001 619 1062 M.
642 999 678 1060 V.
700 999 717 1058 3
742 1016 772 1074 p.
790 999 889 1066 1409,
911 995 1068 1074 Prognae
1091 993 1170 1056 Scal.
1194 992 1260 1052 lnd.
1283 991 1372 1052 Grut.

215 1126 310 1187 lusor.
339 1133 369 1192 p.
391 1107 539 1174 llllllllll
562 1105 739 1176 multaque,
777 1115 858 1175 quae
887 1099 966 1159 alibi
988 1097 1250 1173 perstrinximus,
1274 1111 1372 1169 quum

214 1217 402 1302 praesertim
426 1214 459 1273 iu
481 1211 552 1269 loco
582 1202 726 1282 proxime
755 1201 921 1278 superiore
943 1201 1106 1276 legeretur
1134 1197 1292 1267 rident,
1325 1195 1372 1255 la·

216 1333 413 1389 clamasse,
443 1319 479 1374 ut
507 1307 705 1384 simplices
729 1303 911 1378 Nymphae
941 1301 973 1361 in
1000 1316 1039 1362 ea
1060 1306 1149 1375 parte
1174 1298 1372 1359 exsisterent

216 1447 273 1509 pro
297 1416 488 1502 simplice
502 1410 654 1487 Nympha.
690 1405 779 1476 Quod
804 1403 909 1480 ipsum
931 1419 992 1478 quo
1017 1403 1134 1462 erroris
1157 1415 1279 1476 genere
1297 1418 1372 1461 corr-

217 1533 324 1593 tlatum
347 1523 406 1590 sit,
435 1517 490 1577 uix
513 1516 621 1591 potest
644 1506 780 1584 ambigi,
809 1505 872 1566 nisi
892 1504 974 1564 lorte
996 1503 1068 1578 quis
1091 1508 1189 1579 neget
1210 1502 1266 1561 hic
1288 1501 1372 1560 acci-

217 1635 293 1694 dere
316 1623 478 1704 potuisse,
513 1613 598 1691 quod
627 1609 819 1684 saepissime
850 1606 1007 1667 accidisse
1036 1611 1159 1665 constat
1189 1601 1282 1685 (Stat.
1306 1603 1372 1663 Ecl.

215 1737 271 1796 ult.
294 1748 324 1807 p.
349 1726 418 1785 303.
443 1715 535 1801 304),
559 1722 592 1776 ut
616 1707 743 1773 litterae
766 1715 797 1769 et
820 1710 895 1769 hae:
919 1726 936 1768 c
958 1714 990 1767 el
1014 1726 1028 1766 s
1052 1713 1084 1767 et
1108 1708 1200 1767 illae:
1223 1723 1272 1774 m,
1296 1723 1314 1765 n
1338 1713 1372 1765 et

216 1837 266 1906 ti,
297 1831 332 1893 ci
361 1822 626 1905 permiscerentur
655 1811 907 1886 succederetque
941 1809 1026 1870 istud
1055 1809 1234 1884 simplex
1271 1804 1373 1888 (qqod

219 1928 452 2015 „peculiariter
474 1921 622 1983 tribuitur
644 1915 791 1991 puellis“
815 1914 939 1974 Nuhuh.
952 1911 1042 1970 Ouid.
1066 1909 1136 1970 ller.
1152 1911 1187 1969 ll.
1205 1912 1245 1969 64
1271 1928 1300 1985 p.
1318 1907 1373 1990 13)

218 2039 291 2102 voci
325 2027 537 2105 centiplex
573 2019 789 2103 (complex.
821 2016 1024 2094 cetiplex)
1056 2011 1197 2101 librariis
1229 2011 1372 2087 quidem,

219 2141 350 2218 opinor,
390 2129 527 2192 maxime
568 2120 722 2184 mirabili:
768 2117 1022 2195 quotusquisque
1066 2117 1151 2177 enim
1192 2121 1284 2174 norat
1320 2115 1372 2172 vel

184 2231 191 2236 ⁵
218 2240 297 2305 illud
328 2229 507 2298 Claudiani:
536 2225 698 2300 triplex
728 2222 866 2283 Gratia
895 2217 997 2303 (Jahn.
1027 2219 1067 2279 de
1097 2219 1212 2292 Europ.
1245 2214 1370 2292 pau?

217 2343 298 2416 Quid
319 2331 440 2400 multa?
464 2332 532 2392 his:
1083 2357 1085 2361 -

345 2439 465 2502 Ridet
489 2435 580 2500 hoc,
604 2430 782 2504 iuquam,
811 2427 946 2491 Venus
969 2426 1074 2499 ipsa,
1105 2422 1241 2482 rident

347 2538 492 2620 tentlpler
516 2529 676 2609 Nympha
697 2531 806 2590 ferus
827 2536 866 2588 et
889 2528 1041 2604 cupido

220 2669 288 2714 eam
311 2646 498 2722 complexus
522 2643 572 2697 est
594 2632 743 2695 Horatius
766 2631 972 2699 senteutiam,
997 2646 1089 2704 quam
1111 2627 1180 2704 ipsa
1198 2643 1250 2686 res
1266 2625 1371 2702 requi-

218 2758 315 2818 reret.
358 2745 482 2808 Risisse
507 2739 754 2799 enimomnes
787 2733 946 2810 Nymphas
967 2731 1104 2791 Veneris
1135 2729 1270 2790 comites
1302 2729 1373 2788 siue

221 2860 433 2916 centenum
448 2843 657 2929 Nympharum
676 2822 838 2896 chorum
852 2833 986 2915 (Auson.
1002 2834 1066 2894 Nol.
1083 2833 1123 2892 de
1138 2833 1205 2893 Nat.
1218 2831 1332 2906 Puerp.
1343 2833 1371 2890 4.

219 2955 296 3017 Stat.
320 2951 395 3012 Situ.
419 2947 468 3006 IV.
493 2947 522 3013 4,
546 2939 601 3026 43)
636 2941 681 3001 ait
710 2943 862 3012 sequutus
893 2942 1036 2996 veterum
1070 2941 1236 3008 poetarum
1267 2949 1372 2992 exem-

220 3059 325 3134 plum,
353 3053 392 3112 de
423 3066 486 3125 quo
517 3044 716 3106 existimatur
745 3045 777 3099 et
808 3053 847 3100 ex
878 3037 919 3097 iis
947 3037 1044 3106 locis,
1085 3051 1164 3110 quos
1195 3035 1373 3096 indicarunt

219 3157 368 3218 barthius
399 3159 431 3211 et
452 3151 647 3210 Burmannus
671 3144 753 3204 Grat.
777 3144 851 3216 Cyn.
871 3143 906 3202 tr
939 3160 968 3217 p.
983 3141 1022 3200 20
1058 3138 1095 3198 cf.
1119 3137 1208 3198 Ouid.
1231 3141 1301 3198 Am.
1324 3137 1371 3196 lll.

221 3263 251 3330 6,
274 3259 333 3327 63,
358 3261 389 3314 et
413 3269 453 3312 ex
476 3251 533 3319 iis,
567 3247 680 3322 quibus
703 3243 855 3304 Pindarus
881 3249 911 3303 et
935 3242 1112 3319 Sophocles
1136 3240 1236 3321 κορᾶν
1258 3235 1374 3322 ἀγέλαν

218 3355 423 3442 ἑκατόγγυιον
451 3360 482 3414 et
512 3346 733 3431 ἑκατόμποδας
755 3341 903 3438 Νηρῇδας
931 3348 1141 3406 memorarunt
1165 3342 1372 3404 Schoemaun.

220 3466 335 3543 Opusc.
357 3458 452 3524 head.
466 3457 503 3516 ll.
524 3472 555 3531 p.
570 3456 639 3518 164.
663 3460 727 3515 not.
741 3453 792 3514 65.

725 3667 868 3774 txvlt

305 3871 394 3944 Quod
425 3853 528 3945 ipsum
560 3862 686 3925 dic'endi
716 3877 816 3939 genus
850 3861 961 3921 doctos
998 3859 1144 3921 homines
1175 3858 1206 3918 in
1235 3858 1371 3919 carmine

219 3977 269 4038 lll.
295 3974 424 4045 14,16;

597 4068 676 4128 llos
701 4085 718 4128 o
742 4066 862 4142 pueri
886 4071 923 4125 et
949 4065 1113 4140 puellae

433 4174 513 4233 tam
543 4173 671 4232 virum
702 4176 903 4245 expertae
927 4167 1003 4230 nale
1025 4165 1161 4230 omlmtls

593 4273 752 4334 Parcite
776 4272 916 4330 verbis

208 4802 638 4942 *-
