3026 4988
770 343 833 412 Md

769 546 843 639 tt.

313 721 375 781 Sed
399 721 546 798 quoniam
569 737 609 782 ne
627 719 781 782 Meinelrii
805 720 932 795 quidem
954 719 1074 779 monito
1100 738 1128 796 p,
1149 719 1186 806 Ml
1210 721 1383 783 cohibitam

229 823 325 884 video
346 823 473 883 Lehrsii
496 843 525 899 p.
550 825 601 884 llL
624 841 691 898 sqq.
715 823 896 892 libidinem,
931 841 993 882 non
1024 823 1194 882 absurdum
1224 829 1273 883 est
1303 825 1383 885 indi-

228 941 300 984 care
324 932 419 1000 atque
442 928 523 985 adeo
547 925 715 996 inculcare,
740 923 1062 1001 quacValg.Excu1·s.
1084 943 1116 1006 p.
1131 925 1315 986 sca-383
1331 929 1382 986 de·

229 1027 432 1087 liberavimus
470 1032 501 1085 et
529 1026 718 1096 minutiore,
753 1033 788 1086 ut
823 1027 959 1086 fortasse
994 1027 1156 1087 nonnullis
1185 1028 1288 1087 visum
1324 1036 1383 1099 est,

229 1146 303 1192 cura
326 1129 608 1206 comprobavimus.
651 1131 700 1189 De
721 1129 872 1190 universo
896 1129 993 1205 igitur
1015 1130 1077 1188 hoc
1100 1130 1239 1189 carmine
1262 1131 1310 1190 sic
1332 1147 1382 1192 ex-

229 1232 408 1307 pedivimus
431 1233 613 1308 pedesq:
636 1231 806 1292 Minucium
830 1232 974 1294 Plancum
993 1232 1136 1308 Augusto
1160 1231 1253 1292 illum·
1273 1251 1383 1308 parum

230 1335 394 1411 probatum
416 1340 644 1410 acceptumque
665 1333 826 1418 poenituit
847 1332 910 1405 jam
934 1349 1063 1407 operam
1083 1336 1237 1409 praebere
1253 1335 1382 1395 Caesari

229 1443 262 1495 et
284 1436 474 1496 militaribus
504 1453 541 1496 ao
571 1436 718 1496 civilibus
747 1435 894 1511 perfungi
922 1435 1113 1494 muneribus
1166 1435 1266 1506 Quem
1297 1437 1382 1497 leva-

229 1544 317 1598 turus
340 1537 502 1598 moestitia
524 1537 689 1598 lloratius:
717 1537 918 1606 Laudabunt,
950 1536 1069 1612 inquit,
1101 1553 1264 1599 secessum
1288 1555 1381 1613 quae-

229 1640 312 1700 renti
336 1657 372 1699 ac
395 1640 663 1716 circumspicienti
687 1641 776 1699 multi
790 1640 934 1699 Rhodum
957 1638 1215 1714 autMytileneo,
1238 1642 1382 1716 geminas

230 1742 303 1804 illas
336 1743 531 1803 exulantium
571 1743 782 1806 eruditorum.
805 1742 908 1802 sedes.
973 1742 1057 1811 Alii,
1098 1742 1152 1817 qui
1186 1742 1382 1803 delectantur

229 1845 452 1904 maritimarum
499 1845 676 1907 civitatium
725 1843 840 1904 incolis
896 1844 1222 1918 frequentissimorum
1269 1863 1382 1923 magna

230 1947 465 2024 pulchritudine
495 1955 590 2024 atque
622 1964 661 2008 ec
689 1948 900 2017 amoenitate,
931 1963 1013 2022 quae
1042 1947 1155 2007 multas
1185 1930 1382 2025 voluptatum

228 2051 281 2109 vel
317 2056 517 2126 sumptuosas
553 2053 605 2110 vel
642 2049 822 2110 desidiosas
859 2051 954 2110 habet
990 2051 1175 2119 illecebras,
1213 2051 1382 2113 laudabunt

228 2152 390 2228 Ephesum
412 2159 466 2212 aut
482 2153 625 2213 Corinthi
646 2152 775 2214 bimaris
799 2151 934 2212 moenia.
969 2151 1105 2221 Quorum
1129 2158 1235 2212 autem
1259 2155 1381 2214 animus

227 2254 303 2323 fert,
326 2260 360 2313 ut
382 2261 572 2331 praeoptent
593 2257 664 2316 loca
686 2255 785 2316 sacris
807 2254 1003 2329 deorumque
1032 2254 1126 2314 lestis
1154 2256 1382 2331 augustissima

229 2356 403 2432 eademque
433 2358 513 2417 situs
549 2359 649 2418 lorma
683 2375 719 2418 ao
755 2356 939 2419 salubritate
974 2357 1198 2426 celeberrima,
1237 2357 1381 2419 laudibus

229 2459 362 2520 efferunt
393 2461 674 2536 commendantque
696 2462 819 2521 Thebas
850 2460 973 2520 Baccho
1004 2466 1035 2519 et
1063 2461 1208 2536 Delphos
1230 2462 1382 2534 Apolline

228 2562 372 2640 insignes
394 2564 446 2622 vel
470 2564 624 2623 Thessala
647 2565 773 2638 Tempe.
807 2561 956 2622 Nonnulli
979 2568 1136 2638 perpetua
1160 2563 1382 2623 circumierunt

228 2665 468 2743 praedicatione
482 2666 675 2726 Athenarum
691 2680 803 2724 nomen
818 2665 1026 2739 dictitantque
1041 2681 1121 2725 rruas
1137 2681 1226 2724 arces
1244 2662 1380 2726 intactae

227 2767 400 2828 Tritonidis
419 2769 564 2828 omnibus
585 2768 650 2828 illis
666 2767 812 2828 laudibus
836 2781 909 2826 esse
928 2767 1204 2826 cumulatissimas.
1239 2767 1380 2838 Quidam,

228 2889 360 2946 quorum
383 2872 505 2932 animus
528 2870 685 2947 regiarum
709 2870 832 2930 urbium
856 2871 938 2931 fama
956 2877 1052 2945 atque
1067 2871 1231 2946 opulentia
1248 2871 1380 2946 capitur,

227 2974 294 3050 peti
315 2973 426 3045 jubent
449 2975 553 3050 Argos
578 2972 670 3048 equis
694 2979 801 3048 aptum
824 2979 857 3032 et
880 2973 963 3034 dites
986 2972 1144 3047 Mycenas.
1189 2971 1269 3032 Mihi
1291 2987 1379 3040 vero,

228 3074 330 3150 inquit
352 3074 518 3147 Horatius,
548 3076 644 3134 Tibur
675 3075 781 3148 placet
810 3092 960 3149 aquarum
990 3074 1175 3134 salubritate
1205 3089 1377 3134 nemorum-

228 3193 290 3252 que
313 3194 350 3236 ac
373 3177 602 3252 pomeriorum,
628 3191 709 3251 quae
724 3178 917 3253 perennibus
933 3177 1011 3237 rivis
1028 3177 1217 3246 nutriuntur,
1241 3177 1379 3237 amoeni-

227 3286 292 3340 tate
322 3281 402 3340 mire
431 3278 688 3340 commendabile.
737 3278 824 3339 llaec
853 3281 950 3356 igitur
982 3280 1067 3356 elige
1090 3282 1176 3349 loca,
1206 3281 1262 3340 ubi
1285 3281 1378 3340 altius

228 3388 276 3442 est
307 3383 405 3442 otium
435 3388 466 3441 et
490 3383 639 3459 pinguius
665 3396 770 3457 eoque
793 3383 952 3455 securius,
987 3381 1020 3441 in
1043 3383 1104 3441 hoc
1127 3397 1259 3442 secessu
1284 3382 1378 3442 vitam

227 3485 286 3545 duc
315 3485 482 3546 Caesarem
509 3485 571 3557 jam
601 3503 664 3544 non
693 3486 836 3560 cogitans
867 3491 898 3544 et
928 3491 982 3544 tua
1005 3491 1118 3561 sponte
1142 3501 1299 3560 compone
1329 3503 1377 3546 cu-

226 3605 276 3648 ras
300 3595 395 3665 atque
420 3588 492 3664 ipse
514 3587 603 3647 molli
627 3602 731 3656 mero,
756 3588 840 3662 quod
863 3593 1045 3648 coronatum
1068 3588 1164 3647 'l'ibur
1186 3588 1301 3657 habet,
1325 3588 1376 3647 tri-

227 3691 345 3750 stitiam
369 3691 518 3765 vitaeque
544 3691 669 3749 labores
693 3690 758 3749 fini.
794 3689 957 3759 Quomodo
981 3690 1056 3750 olim
1070 3691 1189 3749 Teucer
1206 3707 1300 3764 quum
1324 3707 1376 3766 pa-

225 3795 265 3854 tri
289 3794 484 3869 improbatus
508 3797 612 3862 esset,
642 3798 744 3852 tamen
776 3793 912 3853 animum
942 3793 1026 3852 curis
1052 3791 1191 3868 publicis
1213 3792 1375 3869 fatigatum

223 3896 299 3956 vino
330 3893 448 3956 laxavit
483 3896 544 3955 sibi
580 3896 743 3970 sociisque
779 3895 922 3954 tristibus
958 3910 1098 3954 securam
1137 3894 1246 3953 sedern
1283 3911 1375 3970 quae-

224 3998 350 4058 siturus.
599 4058 601 4061 .
933 4061 935 4068 ,

308 4100 391 4176 Ergo
421 4106 540 4160 tantum
570 4101 661 4160 abest
690 4105 724 4158 ut
745 4104 792 4158 tot
816 4097 950 4158 Graecas
973 4100 1069 4157 urbes
1095 4115 1273 4158 memorans
1298 4099 1374 4159 illud

224 4200 307 4261 dicat
336 4202 485 4262 Horatius
514 4200 656 4261 Rhodum
685 4208 717 4260 et
745 4201 904 4275 Ephesum
936 4206 967 4259 et
995 4201 1139 4273 Delphos
1168 4201 1373 4276 Athenasque

224 4306 255 4360 et
277 4302 423 4378 Mycenas
453 4309 615 4380 poetarum
641 4304 806 4363 multorum
830 4320 899 4363 cum
929 4301 1003 4362 olim
1026 4307 1090 4360 tum
1113 4300 1245 4362 Munatii
1269 4303 1373 4363 Planci
