3052 4996
683 351 722 420 tl

130 529 231 600 eram
259 521 359 602 prope
384 530 454 584 sunt
480 522 583 584 oculis
607 541 688 584 nrrnc
711 523 857 584 adeunda
878 525 975 584 tuis.“
1000 523 1109 584 Senec.
1135 525 1226 584 Cone.
1251 526 1290 585 ad

125 632 223 692 blare.
251 631 304 690 ll:
342 629 427 688 illam
459 628 685 688 fabulosam
716 626 894 702 Charybdin
926 662 967 670 -
996 625 1289 689 celebratissi-

127 751 228 794 mum
253 731 443 791 carminibus
464 729 582 788 lontem
596 730 818 790 Arethusam.“
863 728 961 804 Epist.
977 731 1032 790 45:
1057 745 1115 790 nec
1137 745 1188 789 me
1212 728 1289 790 Cha-

129 835 240 912 rybdis
265 839 296 892 et
316 832 421 908 Scylla
444 838 476 890 et
500 831 513 889 l
519 831 727 890 abulosum
752 831 837 891 istud
860 831 972 891 fretum
995 831 1211 891 deterrere
1234 849 1288 907 po-

131 925 289 1004 tuisset“'‚
313 935 452 1009 denique
477 935 581 1010 ipsum
604 932 785 1002 Horatium,
810 932 898 1005 cujus
922 935 1180 994 commemoratio
1205 934 1288 994 nihil

131 1039 253 1116 profuit
277 1039 397 1097 Orellio
421 1057 449 1112 p.
467 1038 516 1105 38,
540 1037 562 1094 l.
587 1036 638 1106 22,
663 1039 680 1097 'l
693 1057 699 1094 ε
724 1053 806 1111 quae
831 1038 898 1097 loca
924 1037 1144 1098 fabulosus
1166 1038 1289 1098 Lambit

131 1142 301 1217 Hydaspes
311 1150 330 1174 ‘⁴
355 1136 402 1220 (id
426 1145 475 1198 est
500 1139 632 1207 navius,
657 1139 695 1198 de
713 1155 774 1214 quo
791 1139 873 1200 farne
895 1147 926 1198 et
941 1140 1095 1200 fabulae“
1118 1141 1202 1216 Lips.
1217 1141 1288 1200 Seu.

131 1245 190 1320 Ep.
216 1246 233 1302 l.
258 1243 288 1303 d.
311 1244 414 1302 noth
454 1242 491 1301 cl.
515 1241 581 1301 lan.
605 1243 669 1301 hrt.
694 1241 781 1301 Poel.
815 1260 843 1317 p.
860 1243 918 1301 88:
955 1243 1080 1303 fabulae
1103 1243 1288 1303 belebu-

134 1349 243 1415 losae,
280 1345 320 1404 de
350 1345 464 1418 quibus
496 1344 595 1404 multa
630 1342 845 1426 narrantur“).
906 1345 1020 1403 Verum
1059 1343 1220 1404 enimvero
1255 1351 1290 1405 ut

134 1449 262 1526 potiora
284 1449 364 1507 haec
387 1447 448 1506 sint
481 1447 541 1514 iis,
577 1462 659 1520 quae
690 1445 747 1505 alii
776 1446 992 1522 disputarunt,
1022 1463 1099 1506 vera
1128 1462 1201 1507 esse
1228 1445 1291 1517 jam

133 1552 216 1614 adeo
247 1569 307 1610 non
340 1567 465 1626 pugno,
501 1555 534 1608 ul
568 1554 599 1606 et
630 1548 883 1625 Peerlkampium
912 1548 1035 1624 aliquid
1064 1548 1187 1610 dixisse
1218 1568 1289 1610 con-

135 1653 262 1721 cedam,
294 1653 347 1726 qui
379 1651 419 1710 de
449 1651 661 1718 sabuloso,
694 1650 813 1724 inquit,
847 1668 953 1710 verum
985 1657 1051 1720 est,
1082 1651 1121 1710 de
1152 1651 1292 1712 fabula

134 1756 246 1816 dubito
257 1765 287 1824 “,
327 1761 357 1813 et
381 1753 543 1814 hleinelsio
574 1753 747 1822 assentiar,
784 1754 838 1828 qui
878 1754 1104 1830 „corruptelae
1139 1754 1290 1830 signum“

134 1857 286 1935 apposuit.
309 1857 390 1933 ipsis
415 1857 456 1916 iis
480 1856 604 1924 verbis,
630 1872 711 1931 quae
735 1857 782 1915 sic
805 1856 948 1916 aPersio
973 1863 1005 1915 et
1022 1856 1192 1917 Prudentio
1209 1857 1292 1918 lecta

134 1960 238 2021 fuisse
269 1959 347 2018 satis
378 1959 485 2018 mirari
517 1973 643 2033 nequeo
675 1957 759 2033 quod
781 1957 943 2030 Bentlejus
974 1977 1031 2035 pro
1056 1965 1142 2019 certo
1167 1959 1291 2035 putavit

136 2063 402 2135 credideruntque
430 2077 499 2120 curn
522 2060 612 2120 multi
636 2067 701 2119 turn
723 2059 962 2136 Peerlharnpius
987 2068 1019 2120 et
1043 2059 1203 2122 Lehrsius.
1239 2059 1291 2120 Sic

136 2172 242 2227 autern
266 2171 387 2224 statuo:
413 2165 508 2224 uerba
532 2170 569 2223 et
592 2164 726 2224 Manes
751 2167 846 2236 (quae
871 2168 902 2222 et
921 2165 1001 2224 Acro
1026 2165 1156 2241 praebet
1181 2169 1211 2223 et
1229 2164 1291 2224 duo

134 2271 231 2329 Dora.
256 2265 398 2327 codices:
434 2266 644 2340 fabulaeque
676 2271 713 2323 et
736 2263 912 2348 Manem)
943 2282 982 2325 eo
1014 2266 1125 2335 modo,
1159 2266 1199 2325 de
1229 2284 1290 2341 quo

139 2371 190 2427 uel
216 2385 253 2429 ex
277 2369 373 2428 Theb.
397 2368 502 2428 Parnd.
527 2367 561 2424 ll.
587 2367 604 2424 8
637 2386 665 2443 p.
685 2367 744 2426 246
763 2385 807 2442 sq.
839 2367 1037 2428 existimatur
1068 2376 1099 2427 et
1124 2383 1164 2429 ex
1186 2369 1291 2429 Psello

135 2473 246 2534 Deam.
278 2491 304 2547 p.
331 2471 384 2532 19:
422 2466 474 2532 ἐπὶ
504 2472 563 2532 τῶν
593 2465 758 2551 ἐνόπτρων
788 2463 884 2554 ὁρᾶν,
913 2471 968 2532 ubi
999 2472 1123 2539 „verba
1146 2471 1176 2530 in
1202 2459 1292 2532 codd.

136 2575 245 2635 GABD
270 2574 377 2634 addita
400 2569 561 2655 ἐνόπτρων
583 2575 636 2634 καὶ
660 2575 723 2634 τῶν
742 2575 894 2636 σπὲκλων.
931 2575 961 2633 C.
975 2569 1134 2654 ἒςόπτρων
1149 2573 1293 2636 cusator

137 2693 214 2737 esse
237 2679 425 2754 glossema“
451 2676 610 2736 intellexit
629 2675 859 2734 Boissonadius
883 2692 912 2750 p.
930 2676 1009 2743 234,
1034 2673 1291 2750 interpretandae

137 2781 212 2840 voci
235 2783 396 2841 umbrae
418 2780 527 2860 (quam
549 2777 633 2854 apud
655 2777 856 2838 Prudentinm
881 2778 968 2837 Ceth.
984 2777 1019 2835 V.
1048 2777 1106 2836 135
1131 2777 1169 2838 cl.
1183 2776 1290 2839 Heius.

138 2882 216 2944 Adu
240 2882 260 2940 Ι.
288 2882 324 2941 ll
359 2900 388 2958 p.
407 2883 482 2942 168:
524 2879 749 2942 Umbrarum
788 2881 956 2957 populus“
987 2881 1018 2940 in
1049 2880 1170 2956 aliquot
1201 2881 1291 2942 libris

136 2985 283 3045 videmus
314 2984 511 3044 successisse
542 2982 614 3043 voci
645 2983 871 3043 functorum
909 2983 946 3042 cl.
979 2983 1051 3043 Sen.
1076 2985 1181 3044 Octav.
1214 2983 1291 3046 958:

137 3089 246 3149 tristes
278 3085 382 3146 mittet
412 3086 450 3146 ad
479 3088 635 3146 umbras
666 3087 761 3146 Ferus
786 3092 817 3144 et
840 3085 1013 3168 Manes“)
1038 3103 1054 3145 n
1079 3087 1292 3164 grammaticis

137 3191 239 3250 luisse
263 3190 439 3266 adscripta,
476 3189 550 3249 inde
582 3191 611 3250 in
646 3189 748 3266 ipsum
779 3205 904 3249 versum
939 3188 1026 3248 illata
1049 3190 1110 3249 hoc
1134 3189 1292 3261 effecisse,

136 3299 171 3352 ut
193 3295 291 3362 hacc,
323 3308 403 3367 quae
429 3298 460 3351 et
485 3292 516 3351 in
543 3292 687 3352 omnibus
708 3291 771 3363 jam
796 3291 885 3351 libris
910 3292 1066 3351 cernimus
1096 3299 1127 3350 et
1157 3293 1293 3369 scriptor

136 3396 243 3472 Epigr.
276 3397 366 3454 Anth.
389 3397 454 3455 Lat.
483 3395 514 3452 V.
546 3396 619 3464 219,
646 3396 683 3455 10
715 3393 766 3475 (ll.
797 3395 903 3469 urso
934 3391 1082 3476 ueyer.):
1113 3395 1152 3454 ad
1182 3395 1292 3456 domus

138 3499 241 3558 trahat
270 3495 395 3557 invidas
426 3497 564 3566 Averni,
602 3498 774 3557 Fabulas
802 3512 939 3558 manes
972 3497 1028 3556 ubi
1059 3512 1109 3556 res
1139 3504 1293 3557 coercet“

137 3606 296 3660 mutuatus
322 3605 386 3658 est:
422 3600 630 3674 labulaeque
660 3600 795 3660 blanes
831 3599 868 3659 Et
898 3598 1009 3658 domus
1041 3633 1079 3642 —
1109 3599 1292 3669 Plutonia“‚

138 3721 195 3778 pro
227 3703 267 3762 iis
298 3708 517 3776 erumperent,
553 3719 634 3777 quae
666 3703 736 3779 ipse
766 3701 914 3762 Horatius
944 3701 975 3760 in
999 3702 1080 3760 banc
1104 3702 1293 3763 sententiam

138 3805 258 3882 scripta
288 3803 490 3877 reliquisset:
522 3805 691 3880 aliquando
722 3811 772 3875 le,
805 3806 900 3864 beate
923 3802 1029 3873 Sexti,
1064 3822 1127 3864 nox
1157 3811 1293 3881 premet:

138 3922 243 3982 ireque
268 3907 352 3965 enim
375 3907 504 3966 umbrae
527 3906 655 3966 fabulae
679 3914 750 3966 sunt
775 3913 806 3966 et
831 3905 926 3966 exilis
950 3911 1046 3981 atque
1070 3905 1162 3983 inops
1185 3904 1292 3966 couvi-

138 4010 265 4085 viisqne
296 4025 394 4070 vacua
423 4014 471 4067 est
502 4008 613 4067 domus
644 4008 818 4069 Plutonia“
850 4006 920 4068 sive
950 4008 1029 4067 libet
1052 4009 1234 4067 iuvenalem
1257 4007 1293 4067 11.

142 4112 216 4172 rto:
241 4108 318 4170 Sunt
342 4109 465 4185 aliquid
489 4111 626 4170 Manes
651 4116 688 4168 et
712 4113 980 4170 subterranea
1002 4119 1153 4186 regna“
1177 4107 1293 4190 (Burm.

137 4214 227 4290 Pron.
253 4212 301 4271 IV.
327 4214 355 4281 l,
384 4214 393 4270 l
435 4232 462 4288 p.
489 4210 564 4294 827)
594 4213 725 4287 propius
755 4211 863 4286 sequi:
902 4211 1027 4270 fabulae
1063 4216 1134 4271 sunt
1164 4227 1295 4284 neque

137 4317 300 4375 umbrae
326 4331 398 4375 nec
423 4315 518 4376 exilis
544 4316 599 4375 illa
621 4315 762 4374 Plutonis
787 4313 913 4373 dourus:
