3026 4988
784 348 844 418 114

240 538 338 591 mem,
363 519 446 595 quod
469 519 663 580 Horatius
687 525 798 578 arcet
820 518 1029 595 ingressu,
1059 523 1162 578 tamen
1195 537 1253 580 sua
1277 521 1395 594 cuique

241 632 357 684 saora“
393 627 424 680 et
446 619 595 680 Petronio
622 621 696 679 tta:
735 621 906 680 sumendae
932 635 1028 679 voces
1052 637 1070 680 a
1092 620 1186 695 plebe
1217 623 1396 691 submotae,

241 732 274 785 ut
296 727 352 786 fiat
377 723 448 782 Odi
472 722 682 798 profanum
706 723 852 798 vulgus
876 729 1088 802 etnarceof‘
1139 722 1250 798 Neque
1282 724 1394 782 intem-

242 827 400 903 pestivum
422 825 461 885 ad
485 840 543 883 eos
566 823 729 898 praeverti
751 838 881 891 versus,
906 840 986 897 quos
1010 821 1064 900 qui
1087 822 1218 884 Horatio
1243 823 1395 900 indignos

241 944 315 988 esse
345 944 408 987 non
438 925 598 986 concessit
626 924 849 999 Peerlkampio
879 923 1108 998 bleinelrioque
1135 925 1288 984 Lebrsius
1323 926 1395 1000 ipse

240 1030 362 1090 inacula
373 1027 491 1096 affecit,
511 1042 603 1100 quam
618 1043 714 1101 supra
725 1025 775 1085 XL
789 1043 818 1100 p.
832 1026 870 1083 73
893 1023 1111 1085 indicavimus.
1144 1026 1206 1085 Nec
1218 1025 1394 1100 Seyffertns

241 1130 368 1206 quidem
391 1127 432 1188 iis
456 1127 591 1187 intendit
614 1133 667 1186 aut
691 1127 818 1186 obviarn
848 1125 923 1196 ivit,
958 1143 1040 1201 qnae
1068 1128 1259 1204 gravissime
1289 1129 1394 1188 Peerl-

241 1233 386 1306 kampius
416 1229 612 1305 vituperavit
641 1226 709 1288 his:
758 1210 952 1298 „Quiu‘nic
981 1223 1150 1289 dominus?
1195 1231 1243 1289 An
1276 1237 1307 1290 et
1337 1232 1395 1290 ille

241 1352 304 1395 una
326 1313 395 1394 cum
417 1330 543 1392 famulis
567 1335 599 1388 et
622 1330 823 1405 redemptore
846 1346 970 1389 manurn
993 1331 1084 1406 operi
1115 1327 1289 1391 admovet?
1336 1333 1393 1391 lle-

241 1434 397 1513 spondent
428 1434 636 1506 interpretes:
670 1429 853 1491 dominus
885 1429 1001 1491 adest
1032 1437 1069 1490 et
1100 1438 1276 1508 spectat.
1331 1433 1393 1493 Sed

240 1541 302 1599 hoc
326 1553 366 1597 ex
387 1534 494 1594 verbis
518 1549 579 1591 non
603 1532 777 1592 conficitur.
831 1532 985 1592 Dominus
1009 1532 1046 1592 in
1070 1533 1167 1594 mari
1190 1534 1395 1595 aedificat

242 1657 299 1716 pro
323 1637 493 1698 aedificare
515 1632 603 1703 jubet
627 1632 758 1692 latinum
782 1640 840 1693 est.
885 1635 1099 1694 caementa
1126 1634 1310 1696 demittit
1331 1634 1396 1707 jam

241 1742 344 1801 minus
368 1735 570 1814 probandum.
605 1733 686 1803 Quia
705 1735 737 1794 in
757 1734 814 1794 tali
835 1750 869 1794 re
882 1736 1062 1796 universam
1077 1737 1214 1811 aliquam
1228 1739 1394 1798 notionem

240 1841 405 1921 ponimus,
433 1856 495 1898 non
525 1836 708 1913 specialem.
766 1834 826 1896 Sed
858 1844 1022 1897 caementa
1049 1837 1187 1898 demittit
1223 1857 1305 1899 cum
1337 1841 1350 1899 l
1356 1858 1395 1901 a·
1507 1845 1508 1850 ’

241 1943 362 2006 mulis
384 1959 448 2002 non
469 1945 589 2000 tantum
612 1943 660 1997 est
682 1937 802 1997 domini
822 1937 981 2009 jubentis,
1005 1940 1063 2000 sed
1085 1941 1181 2000 etiam
1202 1940 1395 2011 adjuvantis.
1507 2013 1508 2026 χ

240 2046 365 2109 Deinde
397 2043 502 2102 Timor
531 2039 696 2126 etMiuae
727 2040 856 2110 eodem,
886 2057 948 2115 quo
978 2041 1142 2112 dominus,
1172 2042 1327 2103 scandere
1349 2044 1395 2103 di-

242 2154 367 2208 cuntur:
404 2146 466 2203 boe
495 2149 544 2201 est
573 2141 724 2201 scandunt
755 2140 787 2200 in
817 2142 1000 2203 aedificium
1037 2142 1115 2203 illud
1146 2144 1178 2203 in
1207 2145 1286 2204 mari
1323 2162 1395 2204 eon-

242 2255 402 2309 structum.
446 2243 516 2303 Sed‘
530 2240 624 2313 hujus
647 2241 790 2302 aedificii
812 2243 905 2303 modo
929 2243 1068 2304 vidimus
1088 2244 1299 2306 fundamenta.
1335 2247 1395 2322 lgi-

241 2358 291 2411 tur
313 2348 514 2410 fundamenta
536 2344 658 2405 scandit
681 2345 858 2405 dominus‘¹
910 2344 996 2414 Qtrae
1025 2345 1088 2405 duo
1111 2316 1243 2406 crimina
1266 2345 1394 2406 omnino

239 2450 377 2511 diluisse
401 2447 599 2514 censebitur,
633 2445 688 2520 qui
710 2447 794 2506 huno
817 2447 1044 2507 sententiarum
1068 2447 1211 2507 ordinem
1234 2447 1394 2508 effecerit:

242 2535 408 2613 Contracta
444 2549 550 2624 pisces
585 2563 724 2622 aequora
761 2548 901 2607 sentiunt
929 2548 1026 2607 lactis
1057 2550 1089 2609 in
1118 2549 1214 2609 altum
1246 2549 1393 2609 molibus.

242 2653 309 2713 Huc
339 2651 423 2712 enim
449 2636 631 2724 redemptor
659 2649 808 2723 frequens
845 2654 1008 2709 caementa
1044 2649 1202 2719 demittit,
1234 2652 1298 2710 buc
1326 2668 1394 2711 eum

241 2737 366 2816 famulis
390 2748 454 2833 (ΙΙΙ.
479 2753 528 2820 ΙΙ,
554 2749 626 2833 16),
650 2756 684 2811 ut
708 2751 740 2809 in
763 2749 943 2811 aedificium
967 2756 1031 2811 tam
1054 2753 1206 2826 amplum,
1237 2758 1272 2810 ut
1296 2758 1393 2812 totam

241 2855 392 2916 familiam
415 2852 565 2928 recipiat,
590 2857 735 2913 exterra
757 2851 904 2913 concedit
926 2852 997 2911 sive
1018 2854 1170 2913 transit
1191 2850 1286 2934 (Oud.
1302 2855 1393 2913 Fron·

242 2956 297 3014 tin.
320 2955 369 3014 ΙΙΙ.
394 2956 422 3024 1,
447 2955 483 3014 31
510 2969 540 3026 p.
556 2951 633 3036 427)
656 2953 802 3014 dominus
824 2972 887 3014 non
908 2951 971 3024 jam
994 2959 1161 3015 contentus
1186 2956 1273 3015 solo:

879 3057 954 3115 hue
976 3056 1173 3131 frequens

456 3156 667 3215 caementa
689 3156 875 3217 demittit
897 3159 1146 3234 redemptor,

347 3322 351 3326 ¹
492 3256 580 3315 Cum
602 3255 768 3318 famulis
791 3259 1061 3337 dominusque
1083 3259 1190 3323 transit

335 3398 337 3402 -
411 3356 680 3419 Fastidiosus.

241 3462 289 3520 De
311 3458 385 3519 vitii
413 3466 536 3529 autem,
567 3461 651 3534 quod
679 3461 844 3524 detexisse
873 3463 1002 3534 videor,
1041 3463 1167 3540 origine
1197 3463 1243 3523 sic
1273 3470 1394 3526 statuo:

242 3577 322 3621 voce
344 3567 498 3630 terrae,
534 3577 615 3636 quae
646 3563 876 3638 interpretandi
905 3581 1000 3625 causa
1031 3565 1190 3641 adscripta
1213 3571 1300 3625 esset
1323 3567 1396 3626 voci

240 3661 507 3748 fastidiosus,
531 3661 602 3721 loco
625 3669 743 3723 motum
767 3680 840 3724 esse
864 3666 993 3726 verbum
1017 3667 1171 3726 transit
1198 3666 1295 3743 idque
1315 3669 1395 3730 accit

242 3762 330 3822 disse
353 3778 393 3822 eo
415 3761 559 3832 facilius,
591 3762 675 3837 quod
697 3770 865 3840 utrumque
887 3783 985 3842 parvo
1009 3768 1184 3852 litterarum
1207 3768 1392 3830 discrimine

241 3862 457 3924 dirim-eretur:
491 3863 621 3937 saepius
644 3865 731 3924 enim
753 3871 864 3926 trans
888 3872 921 3927 et
943 3873 1078 3930 terras
1101 3876 1291 3930 commutata
1313 3871 1396 3930 inter

241 3979 278 4023 se
301 3979 373 4024 esse
396 3965 504 4026 docuit
518 3965 795 4029 Drakenborchius
809 3968 875 4029 Liv.
891 3967 940 4027 Vl.
958 3970 1008 4039 28,
1027 3972 1054 4031 8.
1090 3973 1128 4031 cf.
1144 3973 1246 4032 Burm.
1261 3973 1357 4032 Anth.
1375 3972 1395 4030 Ι.

240 4083 272 4141 p.
296 4066 367 4125 222.
