3052 4996
765 332 812 401 28

214 512 245 565 et
269 521 378 566 comae
406 505 583 566 deciderint
616 511 648 565 at
679 503 766 563 color
796 519 974 581 purpureus
1008 505 1040 564 In
1069 504 1184 564 faciem
1207 502 1369 578 hispidam
1469 567 1476 576 ⁸

213 608 354 667 verterit.
399 609 476 667 Turn
498 607 626 683 quidem
648 605 752 666 dices:
776 607 857 676 heu,
883 622 964 681 quac
986 621 1075 666 inens
1101 611 1149 665 cst
1172 605 1287 674 hodie,
1313 623 1369 664 cur

215 709 326 770 eadem
348 727 410 770 non
433 725 533 785 puero
557 706 639 770 fuit?

258 844 282 902 0
304 843 489 903 crudelis
513 844 644 905 adhuc
668 850 706 903 ct
730 843 899 902 Veneris
922 844 1156 903 muneribus
1181 847 1345 918 potenS,

256 944 471 1021 Insperata
493 953 585 1006 tuac
608 966 691 1026 quen
714 946 894 1007 Inveniet
916 944 1018 1007 bruna
1041 941 1279 1021 superbiae!

253 1048 296 1108 Et
311 1063 413 1122 quac
429 1066 529 1108 nunc
545 1049 721 1109 humeris
738 1047 1211 1108 involitantdecidcrint
1228 1061 1368 1107 comae

254 1149 359 1209 Nunc
381 1156 421 1208 et
444 1149 512 1225 qui
537 1153 649 1211 color
673 1157 734 1211 est
756 1134 958 1227 puniceae
980 1151 1088 1211 flore
1108 1152 1221 1227 prior
1244 1164 1368 1209 rosae

255 1251 448 1322 Mutatus,
472 1253 686 1330 Ligurine,
712 1253 920 1314 infaciem
943 1253 1126 1312 verterit
1148 1251 1368 1327 hispidam.

213 1388 309 1459 Quam
338 1390 501 1465 praeclara
531 1391 614 1450 enim
644 1390 761 1450 hiemis
796 1389 952 1451 mentioni
989 1391 1193 1449 subnectatur
1229 1394 1369 1448 mutatus

212 1492 301 1552 color
331 1498 362 1551 ct
391 1508 481 1552 coma
511 1493 645 1563 caduca,
675 1493 865 1553 Graecorum
894 1499 1058 1569 poctarum
1088 1491 1235 1566 exempla
1264 1491 1391 1550 decla-s

213 1600 299 1663 rant,
324 1608 405 1669 quae
428 1593 604 1665 BcntIejum
635 1594 716 1670 fugit
740 1594 857 1655 addere
880 1595 987 1655 Ovidii
1017 1595 1107 1662 loco,
1138 1593 1263 1667 dequo
1287 1592 1368 1651 dixit

211 1693 397 1755 Drescmius
421 1695 484 1754 Jos.
509 1695 565 1755 Isc.
591 1695 641 1753 III.
667 1697 725 1755 311
760 1714 789 1772 p.
815 1698 874 1766 71,
903 1697 959 1773 Ep.
982 1697 1018 1754 V.
1045 1698 1102 1755 34:
1132 1695 1274 1754 Pessima
1302 1711 1367 1752 mu-

212 1799 271 1859 tati
295 1797 403 1873 coepit
434 1800 550 1858 amoris
574 1799 742 1868 hicms“‚
773 1799 860 1858 Pauli
885 1798 996 1859 Sileni.
1019 1798 1124 1876 Epigr.
1150 1799 1185 1858 8:
1220 1793 1286 1859 Σόν
1306 1792 1367 1876 γὰρ

211 1898 258 1963 ἔτι
274 1896 488 1985 φθινόπωρον
502 1895 673 1986 ὑπέρτερον
688 1899 796 1982 εἴαρος
808 1896 917 1977 ἄλλης·
942 1902 978 1962 Χ
984 1910 1077 1983 siba
1100 1902 1175 1965 σὰν
1197 1895 1368 1980 ἀλλοτρίου

212 2001 412 2087 θερμότερον
424 2005 542 2086 θέρεος
555 2006 592 2064 cf.
608 2007 710 2066 Olcar.
736 2012 767 2065 et
780 2006 883 2065 Boiss.
898 2005 1045 2065 Philostr.
1068 2006 1124 2081 Ep.
1136 2005 1175 2064 73
1199 2024 1229 2080 p.
1247 2004 1305 2064 199
1321 2018 1367 2077 sq.

213 2116 244 2168 et
267 2109 446 2169 Maccdonii
468 2109 562 2168 Anth.
586 2108 649 2167 Pal.
673 2108 722 2167 XI.
748 2110 818 2178 374,
843 2110 877 2168 7;
915 2103 957 2182 ὡς
988 2109 1022 2171 δὲ
1045 2101 1145 2193 ῥόδον
1167 2108 1366 2180 dats-iconas

212 2206 244 2272 ἓν
274 2208 375 2292 εἴαρι·
404 2213 458 2273 νῦν
488 2202 520 2272 δ’
551 2206 734 2291 ἑμαροὶνθης
764 2212 794 2271 Γ
800 2209 925 2293 η’ραος
961 2207 1150 2296 αὐχμηρῷ
1184 2211 1367 2295 καρφομένη

211 2316 331 2397 &spat
352 2314 389 2373 cf.
415 2313 525 2376 BIomf.
550 2315 668 2374 Aesoh.
696 2315 754 2391 Ag,
778 2316 817 2376 79
842 2334 872 2391 p.
890 2317 959 2376 179.
994 2315 1097 2375 Boiss.
1122 2316 1280 2376 Aristaeo.
1309 2315 1366 2390 Ep.

212 2415 287 2477 III
321 2417 440 2493 psas.
471 2416 544 2477 Hor.
569 2417 667 2476 Canu.
691 2417 714 2475 I.
737 2418 788 2487 28,
814 2421 862 2478 19.
890 2418 1033 2478 Sarbiev.
1056 2418 1135 2476 lta
1166 2418 1269 2494 pac:
1307 2419 1367 2478 tibi

214 2537 283 2590 cum
311 2520 444 2579 nivosae
467 2520 611 2579 Bruma
633 2526 785 2580 senectae
815 2520 848 2580 In
872 2527 964 2597 caput
988 2521 1069 2580 seris
1093 2520 1209 2581 cecidit
1232 2519 1366 2597 pruinis,

210 2624 346 2686 Decidet
370 2639 536 2698 numquam
546 2631 564 2656 “
589 2628 620 2681 et
639 2622 722 2697 quod
739 2623 817 2683 alibi
831 2623 947 2700 tegitur
970 2618 1103 2704 ἕοαερός
1125 2619 1192 2686 ἐστι
1213 2623 1368 2703 γυναικῶν

212 2726 318 2807 Γῆρας
337 2727 433 2787 Doru.
459 2726 575 2786 Charit.
600 2744 632 2802 p.
647 2727 707 2786 296
738 2727 776 2787 of.
798 2728 867 2787 Ast.
890 2727 966 2787 Plat.
989 2729 1086 2804 Legg.
1109 2726 1161 2785 Vl.
1184 2727 1220 2787 14
1251 2745 1280 2801 p.
1295 2728 1365 2786 319.

211 2829 251 2888 Ut
274 2829 379 2888 nultus
403 2827 599 2902 relinquatur
629 2829 717 2888 locus
749 2830 780 2888 ei
803 2830 1012 2899 dubitationi,
1045 2847 1136 2904 quam
1160 2830 1264 2889 attulit
1288 2830 1365 2891 Mar-

212 2930 348 2992 klandus
370 2931 390 2988 l.
414 2930 443 2989 d.
497 2930 546 2990 Do
569 2929 642 2989 vitii
672 2937 777 2990 autem
801 2931 927 3006 origine
958 2948 1140 3007 comparare
1171 2933 1366 2993 commodum

214 3039 263 3092 est
300 3038 331 3092 ct
360 3047 487 3091 versum
518 3033 618 3093 Carm.
642 3032 691 3091 III.
723 3034 773 3101 at,
798 3034 854 3092 71:
892 3035 951 3094 tibi
982 3035 1139 3094 invisus.
1175 3035 1365 3096 Venderb.6

212 3154 252 3195 m.
275 3153 319 3211 pr.
343 3135 444 3194 visus
473 3141 503 3194 et
527 3137 577 3203 75,
608 3135 648 3194 de
679 3152 740 3211 quo
777 3135 857 3195 intra
879 3136 1002 3195 XXXIV
1032 3136 1169 3196 dicetur:
1199 3138 1367 3198 fortunam

197 3239 261 3312 in.
286 3238 375 3298 codd.
398 3238 570 3297 fortunam.
593 3244 677 3307 tua,
702 3244 733 3297 et
757 3254 850 3313 quem
872 3239 967 3299 modo
982 3239 1035 3298 XII
1058 3238 1319 3316 disceptavimus,
1343 3240 1365 3298 I.

214 3343 243 3413 4,
267 3345 284 3403 7
297 3363 303 3401 :
327 3343 411 3402 dum
435 3342 473 3401 in
497 3358 610 3420 graves
635 3348 666 3401 ct
690 3359 772 3417 quae
795 3344 892 3403 verba
916 3342 963 3403 sic
986 3343 1173 3421 corrigenda
1195 3339 1231 3426 (Ι.
1257 3345 1306 3414 11,
1330 3341 1365 3427 6)

215 3461 302 3504 csse:
327 3445 550 3520 Tyrrhenum,
575 3443 725 3520 Incipias
735 3455 753 3480 “
776 3445 925 3505 LXXXIII
945 3445 1139 3506 docebimus.
1175 3445 1266 3507 Alios
1283 3446 1364 3518 ejus-

213 3549 283 3608 dem
307 3547 393 3608 modi
416 3547 505 3607 locos
530 3547 748 3624 congessimus
773 3547 911 3620 Coniect.
936 3548 1012 3609 Stat.
1037 3549 1116 3609 XIII.
1141 3567 1170 3624 p.
1186 3550 1260 3609 209.

740 3785 838 3881 XIV.

299 3995 440 4055 Nondum
463 3993 659 4055 absolvimus
683 3993 723 4052 da
746 3992 884 4053 carmine
907 3994 929 4052 1.
952 3995 1001 4065 25,
1026 3994 1110 4070 quod
1134 4011 1227 4071 supra
1248 3996 1289 4054 Ill
1312 3997 1364 4055 ob-

213 4097 364 4158 tinuimus
395 4098 463 4157 iere
486 4100 547 4159 hoc
570 4096 728 4158 contineri
752 4097 980 4157 sententiarum
1003 4098 1128 4158 ordInc:
1165 4098 1299 4158 Primum
1323 4098 1335 4156 1
1355 4135 1364 4144 -

214 4199 286 4259 cilis
310 4200 416 4271 fuisti,
439 4209 473 4260 ut
496 4203 625 4261 muttum
648 4206 772 4278 pateret
793 4199 889 4273 janua
911 4196 956 4280 (v.
972 4199 1021 4283 5);
1045 4218 1119 4260 mox
1141 4201 1261 4260 fastosa
1284 4201 1366 4262 facta

216 4319 267 4364 cs:
293 4303 366 4361 inde
387 4303 447 4374 jam
473 4322 585 4379 parcus
610 4305 712 4364 noctis
737 4305 871 4365 ambitus
897 4309 927 4362 et
951 4305 1013 4364 rari
1037 4309 1160 4362 cantus:
1185 4303 1262 4373 crit,
1286 4303 1366 4364 mihi
