<?xml version="1.0" encoding="UTF-8"?>
<!DOCTYPE html PUBLIC "-//W3C//DTD XHTML 1.0 Transitional//EN"
    "http://www.w3.org/TR/xhtml1/DTD/xhtml1-transitional.dtd">
<html xmlns="http://www.w3.org/1999/xhtml" xml:lang="en" lang="en">
 <head>
  <title>
</title>
<meta http-equiv="Content-Type" content="text/html;charset=utf-8" />
  <meta name='ocr-system' content='tesseract 3.04.00' />
  <meta name='ocr-capabilities' content='ocr_page ocr_carea ocr_par ocr_line ocrx_word'/>
</head>
<body>
  <div class='ocr_page' id='page_1' title='image "./emendationeshor01ungegoog_0181.png"; bbox 0 0 3030 4984; ppageno 0'>
   <div class='ocr_carea' id='block_1_1' title="bbox 755 346 825 430">
    <p class='ocr_par' dir='ltr' id='par_1_1' title="bbox 755 346 825 430">
     <span class='ocr_line' id='line_1_1' title="bbox 755 346 825 430; baseline -0.014 -12"><span class='ocrx_word' id='word_1_1' title='bbox 755 346 825 430; x_wconf 71' lang='lat' dir='ltr'>,lta</span> 
     </span>
    </p>
   </div>
   <div class='ocr_carea' id='block_1_2' title="bbox 218 518 1375 1112">
    <p class='ocr_par' dir='ltr' id='par_1_2' title="bbox 218 518 1375 1112">
     <span class='ocr_line' id='line_1_2' title="bbox 218 518 1373 597; baseline -0.003 -16"><span class='ocrx_word' id='word_1_2' title='bbox 218 521 379 582; x_wconf 83' lang='lat' dir='ltr'>Bartbium</span> <span class='ocrx_word' id='word_1_3' title='bbox 402 520 479 582; x_wconf 76' lang='lat' dir='ltr'>stat,</span> <span class='ocrx_word' id='word_1_4' title='bbox 500 521 597 581; x_wconf 86' lang='lat' dir='ltr'>Theb.</span> <span class='ocrx_word' id='word_1_5' title='bbox 613 520 690 580; x_wconf 89' lang='lat' dir='ltr'>VIII.</span> <span class='ocrx_word' id='word_1_6' title='bbox 707 521 767 581; x_wconf 81' lang='grc'><strong>4011</strong></span> <span class='ocrx_word' id='word_1_7' title='bbox 791 520 907 597; x_wconf 71' lang='lat' dir='ltr'>past.</span> <span class='ocrx_word' id='word_1_8' title='bbox 933 518 1097 579; x_wconf 82' lang='lat' dir='ltr'>Clolanum</span> <span class='ocrx_word' id='word_1_9' title='bbox 1121 519 1211 580; x_wconf 91' lang='lat' dir='ltr'>Ovid.</span> <span class='ocrx_word' id='word_1_10' title='bbox 1236 521 1305 579; x_wconf 86' lang='lat' dir='ltr'>Am.</span> <span class='ocrx_word' id='word_1_11' title='bbox 1326 520 1373 578; x_wconf 92' lang='lat' dir='ltr'>Ill.</span> 
     </span>
     <span class='ocr_line' id='line_1_3' title="bbox 220 619 1372 704; baseline -0.004 -19"><span class='ocrx_word' id='word_1_12' title='bbox 220 625 249 692; x_wconf 87' lang='grc'>9,</span> <span class='ocrx_word' id='word_1_13' title='bbox 273 625 311 684; x_wconf 80' lang='lat' dir='ltr'>ol</span> <span class='ocrx_word' id='word_1_14' title='bbox 337 641 366 698; x_wconf 93' lang='lat' dir='ltr'>p.</span> <span class='ocrx_word' id='word_1_15' title='bbox 383 625 451 684; x_wconf 84' lang='grc'><strong>516.</strong></span> <span class='ocrx_word' id='word_1_16' title='bbox 482 623 766 684; x_wconf 87' lang='lat' dir='ltr'>Mitscherlichium</span> <span class='ocrx_word' id='word_1_17' title='bbox 788 642 817 700; x_wconf 91' lang='lat' dir='ltr'>p.</span> <span class='ocrx_word' id='word_1_18' title='bbox 835 619 926 704; x_wconf 80' lang='lat' dir='ltr'>las),</span> <span class='ocrx_word' id='word_1_19' title='bbox 957 627 1010 681; x_wconf 91' lang='lat' dir='ltr'>aut</span> <span class='ocrx_word' id='word_1_20' title='bbox 1034 621 1075 680; x_wconf 91' lang='lat' dir='ltr'>de</span> <span class='ocrx_word' id='word_1_21' title='bbox 1097 619 1277 682; x_wconf 85' lang='lat' dir='ltr'>Martialel.</span> <span class='ocrx_word' id='word_1_22' title='bbox 1292 623 1372 692; x_wconf 83' lang='lat'>25,1</span> 
     </span>
     <span class='ocr_line' id='line_1_4' title="bbox 220 723 1375 802; baseline -0.002 -17"><span class='ocrx_word' id='word_1_23' title='bbox 220 725 423 795; x_wconf 73' lang='lat' dir='ltr'>erixias</span> <span class='ocrx_word' id='word_1_24' title='bbox 448 729 494 802; x_wconf 89' lang='lat' dir='ltr'>s&#39;q.</span> <span class='ocrx_word' id='word_1_25' title='bbox 533 725 655 785; x_wconf 85' lang='lat' dir='ltr'>Mitscb.</span> <span class='ocrx_word' id='word_1_26' title='bbox 679 743 708 800; x_wconf 88' lang='lat' dir='ltr'>p.</span> <span class='ocrx_word' id='word_1_27' title='bbox 729 728 805 794; x_wconf 83' lang='grc'><strong>136,</strong></span> <span class='ocrx_word' id='word_1_28' title='bbox 841 739 900 784; x_wconf 89' lang='lat' dir='ltr'>nec</span> <span class='ocrx_word' id='word_1_29' title='bbox 923 723 971 792; x_wconf 92' lang='lat' dir='ltr'>id,</span> <span class='ocrx_word' id='word_1_30' title='bbox 1008 723 1093 799; x_wconf 89' lang='lat' dir='ltr'>quod</span> <span class='ocrx_word' id='word_1_31' title='bbox 1122 724 1155 784; x_wconf 91' lang='lat' dir='ltr'>in</span> <span class='ocrx_word' id='word_1_32' title='bbox 1190 725 1250 784; x_wconf 91' lang='lat' dir='ltr'>hac</span> <span class='ocrx_word' id='word_1_33' title='bbox 1281 740 1375 784; x_wconf 90' lang='lat' dir='ltr'>causa</span> 
     </span>
     <span class='ocr_line' id='line_1_5' title="bbox 219 826 1375 903; baseline -0.002 -17"><span class='ocrx_word' id='word_1_34' title='bbox 219 833 314 903; x_wconf 91' lang='lat' dir='ltr'>caput</span> <span class='ocrx_word' id='word_1_35' title='bbox 337 834 403 896; x_wconf 88' lang='lat' dir='ltr'>est,</span> <span class='ocrx_word' id='word_1_36' title='bbox 428 826 596 896; x_wconf 90' lang='lat' dir='ltr'>indicavit,</span> <span class='ocrx_word' id='word_1_37' title='bbox 621 843 683 902; x_wconf 91' lang='lat' dir='ltr'>quo</span> <span class='ocrx_word' id='word_1_38' title='bbox 707 828 830 887; x_wconf 88' lang='lat' dir='ltr'>tandem</span> <span class='ocrx_word' id='word_1_39' title='bbox 854 826 947 886; x_wconf 92' lang='lat' dir='ltr'>modo</span> <span class='ocrx_word' id='word_1_40' title='bbox 971 826 1044 886; x_wconf 89' lang='lat' dir='ltr'>fieri</span> <span class='ocrx_word' id='word_1_41' title='bbox 1067 826 1226 902; x_wconf 90' lang='lat' dir='ltr'>potuerit,</span> <span class='ocrx_word' id='word_1_42' title='bbox 1256 832 1290 885; x_wconf 88' lang='lat' dir='ltr'>ut</span> <span class='ocrx_word' id='word_1_43' title='bbox 1314 844 1375 886; x_wconf 91' lang='lat' dir='ltr'>uon</span> 
     </span>
     <span class='ocr_line' id='line_1_6' title="bbox 220 927 1362 1004; baseline -0.001 -17"><span class='ocrx_word' id='word_1_44' title='bbox 220 929 312 989; x_wconf 90' lang='lat' dir='ltr'>modo</span> <span class='ocrx_word' id='word_1_45' title='bbox 338 931 449 998; x_wconf 88' lang='lat' dir='ltr'>„clara</span> <span class='ocrx_word' id='word_1_46' title='bbox 472 930 598 1002; x_wconf 70' lang='lat' dir='ltr'>tortium</span> <span class='ocrx_word' id='word_1_47' title='bbox 623 929 759 988; x_wconf 81' lang='lat' dir='ltr'>utrorum</span> <span class='ocrx_word' id='word_1_48' title='bbox 782 927 909 988; x_wconf 84' lang='lat' dir='ltr'>numida</span> <span class='ocrx_word' id='word_1_49' title='bbox 932 927 994 986; x_wconf 87' lang='lat' dir='ltr'>iste</span> <span class='ocrx_word' id='word_1_50' title='bbox 1016 928 1216 1004; x_wconf 83' lang='lat' dir='ltr'>magistellos</span> <span class='ocrx_word' id='word_1_51' title='bbox 1235 928 1362 988; x_wconf 85' lang='lat' dir='ltr'>obscuri</span> 
     </span>
     <span class='ocr_line' id='line_1_7' title="bbox 220 1026 1375 1112; baseline -0.003 -21"><span class='ocrx_word' id='word_1_52' title='bbox 220 1030 329 1091; x_wconf 93' lang='lat' dir='ltr'>oribus</span> <span class='ocrx_word' id='word_1_53' title='bbox 353 1030 539 1092; x_wconf 78' lang='lat' dir='ltr'>Scaurorum</span> <span class='ocrx_word' id='word_1_54' title='bbox 563 1029 741 1091; x_wconf 91' lang='lat' dir='ltr'>nominibus</span> <span class='ocrx_word' id='word_1_55' title='bbox 765 1030 1018 1091; x_wconf 87' lang='lat' dir='ltr'>contaminaret“</span> <span class='ocrx_word' id='word_1_56' title='bbox 1042 1026 1088 1112; x_wconf 92' lang='lat' dir='ltr'>(p.</span> <span class='ocrx_word' id='word_1_57' title='bbox 1108 1030 1178 1112; x_wconf 87' lang='grc'>19),</span> <span class='ocrx_word' id='word_1_58' title='bbox 1210 1047 1306 1104; x_wconf 89' lang='lat' dir='ltr'>quum</span> <span class='ocrx_word' id='word_1_59' title='bbox 1330 1033 1375 1106; x_wconf 89' lang='lat' dir='ltr'>(ut</span> 
     </span>
    </p>
   </div>
   <div class='ocr_carea' id='block_1_3' title="bbox 220 1130 1380 3763">
    <p class='ocr_par' dir='ltr' id='par_1_3' title="bbox 220 1130 1380 3763">
     <span class='ocr_line' id='line_1_8' title="bbox 221 1130 1375 1207; baseline -0.003 -15"><span class='ocrx_word' id='word_1_60' title='bbox 221 1133 446 1202; x_wconf 82' lang='lat' dir='ltr'>concedamus,</span> <span class='ocrx_word' id='word_1_61' title='bbox 478 1132 560 1207; x_wconf 88' lang='lat' dir='ltr'>quod</span> <span class='ocrx_word' id='word_1_62' title='bbox 591 1133 676 1192; x_wconf 92' lang='lat' dir='ltr'>nullo</span> <span class='ocrx_word' id='word_1_63' title='bbox 701 1137 792 1207; x_wconf 93' lang='lat' dir='ltr'>pacto</span> <span class='ocrx_word' id='word_1_64' title='bbox 816 1147 912 1206; x_wconf 88' lang='lat' dir='ltr'>posse</span> <span class='ocrx_word' id='word_1_65' title='bbox 937 1131 1069 1190; x_wconf 89' lang='lat' dir='ltr'>concedi</span> <span class='ocrx_word' id='word_1_66' title='bbox 1094 1130 1174 1190; x_wconf 89' lang='lat' dir='ltr'>infra</span> <span class='ocrx_word' id='word_1_67' title='bbox 1198 1130 1375 1190; x_wconf 83' lang='lat' dir='ltr'>LXXXVIII</span> 
     </span>
     <span class='ocr_line' id='line_1_9' title="bbox 220 1232 1375 1317; baseline -0.004 -22"><span class='ocrx_word' id='word_1_68' title='bbox 220 1233 418 1317; x_wconf 88' lang='lat' dir='ltr'>docebimus)</span> <span class='ocrx_word' id='word_1_69' title='bbox 455 1235 486 1295; x_wconf 92' lang='lat' dir='ltr'>in</span> <span class='ocrx_word' id='word_1_70' title='bbox 522 1241 669 1310; x_wconf 89' lang='lat' dir='ltr'>promptu</span> <span class='ocrx_word' id='word_1_71' title='bbox 703 1232 829 1294; x_wconf 89' lang='lat' dir='ltr'>Serrani</span> <span class='ocrx_word' id='word_1_72' title='bbox 865 1249 979 1294; x_wconf 85' lang='lat' dir='ltr'>nornen</span> <span class='ocrx_word' id='word_1_73' title='bbox 1013 1241 1116 1293; x_wconf 86' lang='lat' dir='ltr'>esset:</span> <span class='ocrx_word' id='word_1_74' title='bbox 1158 1234 1316 1310; x_wconf 86' lang='lat' dir='ltr'>Regulum</span> <span class='ocrx_word' id='word_1_75' title='bbox 1345 1238 1375 1290; x_wconf 91' lang='lat' dir='ltr'>et</span> 
     </span>
     <span class='ocr_line' id='line_1_10' title="bbox 221 1333 1375 1417; baseline -0.003 -20"><span class='ocrx_word' id='word_1_76' title='bbox 221 1337 386 1397; x_wconf 83' lang='lat' dir='ltr'>Serranum</span> <span class='ocrx_word' id='word_1_77' title='bbox 423 1336 610 1411; x_wconf 84' lang='lat' dir='ltr'>animaeque</span> <span class='ocrx_word' id='word_1_78' title='bbox 648 1351 779 1412; x_wconf 82' lang='lat' dir='ltr'>magnae</span> <span class='ocrx_word' id='word_1_79' title='bbox 816 1335 983 1412; x_wconf 74' lang='lat' dir='ltr'>Prodigum</span> <span class='ocrx_word' id='word_1_80' title='bbox 1014 1335 1181 1395; x_wconf 85' lang='lat' dir='ltr'>Paullum“</span> <span class='ocrx_word' id='word_1_81' title='bbox 1218 1333 1375 1417; x_wconf 88' lang='lat' dir='ltr'>(Dompst.</span> 
     </span>
     <span class='ocr_line' id='line_1_11' title="bbox 222 1433 1376 1518; baseline -0.002 -19"><span class='ocrx_word' id='word_1_82' title='bbox 222 1440 383 1501; x_wconf 88' lang='lat' dir='ltr'>ClaudIan.</span> <span class='ocrx_word' id='word_1_83' title='bbox 408 1440 475 1499; x_wconf 77' lang='lat' dir='ltr'>Ilul.</span> <span class='ocrx_word' id='word_1_84' title='bbox 495 1441 517 1499; x_wconf 92' lang='lat'>1.</span> <span class='ocrx_word' id='word_1_85' title='bbox 538 1439 598 1498; x_wconf 81' lang='lat'>202</span> <span class='ocrx_word' id='word_1_86' title='bbox 630 1456 659 1514; x_wconf 88' lang='lat' dir='ltr'>p.</span> <span class='ocrx_word' id='word_1_87' title='bbox 675 1433 746 1518; x_wconf 75' lang='lat' dir='ltr'>ct),</span> <span class='ocrx_word' id='word_1_88' title='bbox 777 1437 832 1497; x_wconf 91' lang='lat' dir='ltr'>sed</span> <span class='ocrx_word' id='word_1_89' title='bbox 857 1439 910 1513; x_wconf 87' lang='lat' dir='ltr'>qui</span> <span class='ocrx_word' id='word_1_90' title='bbox 933 1444 996 1497; x_wconf 90' lang='lat' dir='ltr'>tam</span> <span class='ocrx_word' id='word_1_91' title='bbox 1019 1435 1184 1512; x_wconf 85' lang='lat' dir='ltr'>eleganter</span> <span class='ocrx_word' id='word_1_92' title='bbox 1209 1444 1242 1496; x_wconf 90' lang='lat' dir='ltr'>et</span> <span class='ocrx_word' id='word_1_93' title='bbox 1265 1439 1376 1512; x_wconf 84' lang='lat' dir='ltr'>proba-</span> 
     </span>
     <span class='ocr_line' id='line_1_12' title="bbox 222 1539 1376 1618; baseline -0.005 -16"><span class='ocrx_word' id='word_1_94' title='bbox 222 1542 330 1602; x_wconf 89' lang='lat' dir='ltr'>biliter</span> <span class='ocrx_word' id='word_1_95' title='bbox 353 1541 534 1618; x_wconf 78' lang='lat' dir='ltr'>scripserit,</span> <span class='ocrx_word' id='word_1_96' title='bbox 563 1546 597 1600; x_wconf 92' lang='lat' dir='ltr'>ut</span> <span class='ocrx_word' id='word_1_97' title='bbox 621 1539 691 1616; x_wconf 91' lang='lat' dir='ltr'>ipsa</span> <span class='ocrx_word' id='word_1_98' title='bbox 714 1539 836 1600; x_wconf 82' lang='lat' dir='ltr'>Horatii</span> <span class='ocrx_word' id='word_1_99' title='bbox 860 1557 909 1600; x_wconf 91' lang='lat' dir='ltr'>ars</span> <span class='ocrx_word' id='word_1_100' title='bbox 933 1540 1137 1615; x_wconf 88' lang='lat' dir='ltr'>deciperetur</span> <span class='ocrx_word' id='word_1_101' title='bbox 1152 1573 1192 1582; x_wconf 87' lang='lat'>—</span> <span class='ocrx_word' id='word_1_102' title='bbox 1207 1539 1302 1598; x_wconf 90' lang='lat' dir='ltr'>testis</span> <span class='ocrx_word' id='word_1_103' title='bbox 1328 1539 1376 1596; x_wconf 88' lang='lat' dir='ltr'>vel</span> 
     </span>
     <span class='ocr_line' id='line_1_13' title="bbox 223 1641 1377 1719; baseline -0.003 -16"><span class='ocrx_word' id='word_1_104' title='bbox 223 1643 436 1714; x_wconf 79' lang='lat' dir='ltr'>Quintillanus</span> <span class='ocrx_word' id='word_1_105' title='bbox 461 1651 492 1703; x_wconf 90' lang='lat' dir='ltr'>et</span> <span class='ocrx_word' id='word_1_106' title='bbox 515 1642 617 1704; x_wconf 91' lang='lat' dir='ltr'>omnis</span> <span class='ocrx_word' id='word_1_107' title='bbox 641 1642 912 1719; x_wconf 82' lang='lat' dir='ltr'>grammaticorum</span> <span class='ocrx_word' id='word_1_108' title='bbox 941 1643 1031 1702; x_wconf 91' lang='lat' dir='ltr'>turba</span> <span class='ocrx_word' id='word_1_109' title='bbox 1052 1675 1112 1711; x_wconf 91' lang='lat'>-,</span> <span class='ocrx_word' id='word_1_110' title='bbox 1145 1641 1231 1700; x_wconf 90' lang='lat' dir='ltr'>idern</span> <span class='ocrx_word' id='word_1_111' title='bbox 1263 1641 1377 1712; x_wconf 90' lang='lat' dir='ltr'>„nulla</span> 
     </span>
     <span class='ocr_line' id='line_1_14' title="bbox 223 1744 1376 1820; baseline -0.001 -16"><span class='ocrx_word' id='word_1_112' title='bbox 223 1745 370 1805; x_wconf 86' lang='lat' dir='ltr'>carminis</span> <span class='ocrx_word' id='word_1_113' title='bbox 394 1746 522 1807; x_wconf 88' lang='lat' dir='ltr'>consilii</span> <span class='ocrx_word' id='word_1_114' title='bbox 545 1746 669 1806; x_wconf 91' lang='lat' dir='ltr'>ratione</span> <span class='ocrx_word' id='word_1_115' title='bbox 692 1745 817 1814; x_wconf 90' lang='lat' dir='ltr'>habita,</span> <span class='ocrx_word' id='word_1_116' title='bbox 847 1746 933 1805; x_wconf 93' lang='lat' dir='ltr'>nullo</span> <span class='ocrx_word' id='word_1_117' title='bbox 964 1750 1139 1820; x_wconf 89' lang='lat' dir='ltr'>temporum</span> <span class='ocrx_word' id='word_1_118' title='bbox 1170 1744 1282 1805; x_wconf 91' lang='lat' dir='ltr'>ordine</span> <span class='ocrx_word' id='word_1_119' title='bbox 1306 1759 1376 1803; x_wconf 91' lang='lat' dir='ltr'>con-</span> 
     </span>
     <span class='ocr_line' id='line_1_15' title="bbox 223 1846 1377 1925; baseline 0.001 -20"><span class='ocrx_word' id='word_1_120' title='bbox 223 1854 350 1908; x_wconf 90' lang='lat' dir='ltr'>servato</span> <span class='ocrx_word' id='word_1_121' title='bbox 374 1849 553 1925; x_wconf 84' lang='lat' dir='ltr'>promiscue</span> <span class='ocrx_word' id='word_1_122' title='bbox 577 1848 800 1920; x_wconf 83' lang='lat' dir='ltr'>contunderet,</span> <span class='ocrx_word' id='word_1_123' title='bbox 824 1863 905 1922; x_wconf 86' lang='lat' dir='ltr'>quae</span> <span class='ocrx_word' id='word_1_124' title='bbox 929 1850 965 1908; x_wconf 95' lang='lat' dir='ltr'>ab</span> <span class='ocrx_word' id='word_1_125' title='bbox 989 1846 1156 1922; x_wconf 90' lang='lat' dir='ltr'>aptissimo</span> <span class='ocrx_word' id='word_1_126' title='bbox 1180 1847 1377 1923; x_wconf 85' lang='lat' dir='ltr'>singulorum</span> 
     </span>
     <span class='ocr_line' id='line_1_16' title="bbox 223 1945 1378 2031; baseline -0.001 -23"><span class='ocrx_word' id='word_1_127' title='bbox 223 1951 381 2010; x_wconf 86' lang='lat' dir='ltr'>nominum</span> <span class='ocrx_word' id='word_1_128' title='bbox 404 1953 530 2012; x_wconf 91' lang='lat' dir='ltr'>delectu</span> <span class='ocrx_word' id='word_1_129' title='bbox 553 1951 688 2011; x_wconf 90' lang='lat' dir='ltr'>immane</span> <span class='ocrx_word' id='word_1_130' title='bbox 718 1956 864 2025; x_wconf 89' lang='lat' dir='ltr'>quantum</span> <span class='ocrx_word' id='word_1_131' title='bbox 888 1948 1134 2024; x_wconf 86' lang='lat' dir='ltr'>discreparent“</span> <span class='ocrx_word' id='word_1_132' title='bbox 1167 1945 1208 2031; x_wconf 84' lang='lat' dir='ltr'>(p.</span> <span class='ocrx_word' id='word_1_133' title='bbox 1228 1946 1295 2031; x_wconf 79' lang='grc'><strong>11)),</strong></span> <span class='ocrx_word' id='word_1_134' title='bbox 1326 1956 1378 2011; x_wconf 89' lang='lat' dir='ltr'>aut</span> 
     </span>
     <span class='ocr_line' id='line_1_17' title="bbox 225 2050 1377 2130; baseline 0.002 -20"><span class='ocrx_word' id='word_1_135' title='bbox 225 2051 302 2112; x_wconf 91' lang='lat' dir='ltr'>illud</span> <span class='ocrx_word' id='word_1_136' title='bbox 339 2054 527 2130; x_wconf 73' lang='lat' dir='ltr'>explicavit,</span> <span class='ocrx_word' id='word_1_137' title='bbox 568 2069 646 2128; x_wconf 91' lang='lat' dir='ltr'>quas</span> <span class='ocrx_word' id='word_1_138' title='bbox 683 2058 785 2112; x_wconf 90' lang='lat' dir='ltr'>tantas</span> <span class='ocrx_word' id='word_1_139' title='bbox 826 2050 1081 2128; x_wconf 85' lang='lat' dir='ltr'>opportunitates</span> <span class='ocrx_word' id='word_1_140' title='bbox 1117 2052 1168 2110; x_wconf 89' lang='lat' dir='ltr'>vel</span> <span class='ocrx_word' id='word_1_141' title='bbox 1208 2051 1377 2112; x_wconf 86' lang='lat' dir='ltr'>illecebras</span> 
     </span>
     <span class='ocr_line' id='line_1_18' title="bbox 223 2150 1376 2231; baseline -0.002 -17"><span class='ocrx_word' id='word_1_142' title='bbox 223 2155 421 2231; x_wconf 85' lang='lat' dir='ltr'>magistellus</span> <span class='ocrx_word' id='word_1_143' title='bbox 452 2153 513 2214; x_wconf 88' lang='lat' dir='ltr'>isto</span> <span class='ocrx_word' id='word_1_144' title='bbox 543 2155 692 2215; x_wconf 85' lang='lat' dir='ltr'>babuisse</span> <span class='ocrx_word' id='word_1_145' title='bbox 722 2154 868 2215; x_wconf 88' lang='lat' dir='ltr'>videatur</span> <span class='ocrx_word' id='word_1_146' title='bbox 894 2152 1053 2212; x_wconf 89' lang='lat' dir='ltr'>uberioris</span> <span class='ocrx_word' id='word_1_147' title='bbox 1083 2150 1246 2223; x_wconf 84' lang='lat' dir='ltr'>cujusdam</span> <span class='ocrx_word' id='word_1_148' title='bbox 1277 2153 1376 2213; x_wconf 90' lang='lat' dir='ltr'>incre-</span> 
     </span>
     <span class='ocr_line' id='line_1_19' title="bbox 224 2254 1378 2332; baseline 0.001 -18"><span class='ocrx_word' id='word_1_149' title='bbox 224 2256 321 2315; x_wconf 88' lang='lat' dir='ltr'>menti</span> <span class='ocrx_word' id='word_1_150' title='bbox 350 2257 568 2317; x_wconf 89' lang='lat' dir='ltr'>accessionem</span> <span class='ocrx_word' id='word_1_151' title='bbox 598 2255 796 2316; x_wconf 81' lang='lat' dir='ltr'>alieuIssImo</span> <span class='ocrx_word' id='word_1_152' title='bbox 826 2257 914 2325; x_wconf 93' lang='lat' dir='ltr'>loco,</span> <span class='ocrx_word' id='word_1_153' title='bbox 951 2260 985 2315; x_wconf 91' lang='lat' dir='ltr'>ut</span> <span class='ocrx_word' id='word_1_154' title='bbox 1014 2255 1257 2332; x_wconf 82' lang='lat' dir='ltr'>lleynomannus</span> <span class='ocrx_word' id='word_1_155' title='bbox 1280 2254 1378 2324; x_wconf 80' lang='lat' dir='ltr'>dicit,</span> 
     </span>
     <span class='ocr_line' id='line_1_20' title="bbox 225 2354 1375 2439; baseline -0.003 -20"><span class='ocrx_word' id='word_1_156' title='bbox 225 2356 433 2436; x_wconf 83' lang='lat' dir='ltr'>adjungendi,</span> <span class='ocrx_word' id='word_1_157' title='bbox 463 2377 525 2418; x_wconf 92' lang='lat' dir='ltr'>non</span> <span class='ocrx_word' id='word_1_158' title='bbox 555 2360 620 2418; x_wconf 92' lang='lat' dir='ltr'>illis</span> <span class='ocrx_word' id='word_1_159' title='bbox 651 2357 840 2419; x_wconf 88' lang='lat' dir='ltr'>carminibus</span> <span class='ocrx_word' id='word_1_160' title='bbox 866 2355 980 2436; x_wconf 83' lang='grc'><strong>(11.15,</strong></span> <span class='ocrx_word' id='word_1_161' title='bbox 1002 2360 1048 2418; x_wconf 89' lang='lat'>11.</span> <span class='ocrx_word' id='word_1_162' title='bbox 1073 2357 1122 2416; x_wconf 89' lang='lat' dir='ltr'>IV.</span> <span class='ocrx_word' id='word_1_163' title='bbox 1143 2357 1192 2426; x_wconf 85' lang='lat'>15,</span> <span class='ocrx_word' id='word_1_164' title='bbox 1210 2354 1281 2439; x_wconf 87' lang='lat'>12),</span> <span class='ocrx_word' id='word_1_165' title='bbox 1309 2358 1375 2432; x_wconf 90' lang='lat' dir='ltr'>qui·</span> 
     </span>
     <span class='ocr_line' id='line_1_21' title="bbox 223 2457 1374 2535; baseline 0 -15"><span class='ocrx_word' id='word_1_166' title='bbox 223 2463 281 2521; x_wconf 89' lang='lat' dir='ltr'>bus</span> <span class='ocrx_word' id='word_1_167' title='bbox 304 2461 383 2521; x_wconf 93' lang='lat' dir='ltr'>nibil</span> <span class='ocrx_word' id='word_1_168' title='bbox 408 2462 446 2521; x_wconf 94' lang='lat' dir='ltr'>ad</span> <span class='ocrx_word' id='word_1_169' title='bbox 470 2462 608 2522; x_wconf 75' lang='lat' dir='ltr'>fraudem</span> <span class='ocrx_word' id='word_1_170' title='bbox 632 2459 868 2522; x_wconf 86' lang='lat' dir='ltr'>machinandarn</span> <span class='ocrx_word' id='word_1_171' title='bbox 888 2458 1154 2520; x_wconf 85' lang='lat' dir='ltr'>accommodatius</span> <span class='ocrx_word' id='word_1_172' title='bbox 1168 2457 1306 2519; x_wconf 77' lang='lat' dir='ltr'>inventri</span> <span class='ocrx_word' id='word_1_173' title='bbox 1322 2479 1374 2535; x_wconf 94' lang='lat' dir='ltr'>po-</span> 
     </span>
     <span class='ocr_line' id='line_1_22' title="bbox 224 2561 1376 2640; baseline 0.001 -19"><span class='ocrx_word' id='word_1_174' title='bbox 224 2563 293 2622; x_wconf 89' lang='lat' dir='ltr'>tuit.</span> <span class='ocrx_word' id='word_1_175' title='bbox 350 2564 461 2639; x_wconf 86' lang='lat' dir='ltr'>Neque</span> <span class='ocrx_word' id='word_1_176' title='bbox 498 2565 580 2624; x_wconf 85' lang='lat' dir='ltr'>enirn</span> <span class='ocrx_word' id='word_1_177' title='bbox 617 2563 864 2640; x_wconf 89' lang='lat' dir='ltr'>corruptelarum</span> <span class='ocrx_word' id='word_1_178' title='bbox 899 2561 1137 2637; x_wconf 90' lang='lat' dir='ltr'>suspicionibus</span> <span class='ocrx_word' id='word_1_179' title='bbox 1172 2561 1376 2622; x_wconf 83' lang='lat' dir='ltr'>difficultates</span> 
     </span>
     <span class='ocr_line' id='line_1_23' title="bbox 225 2664 1375 2740; baseline 0 -17"><span class='ocrx_word' id='word_1_180' title='bbox 225 2672 311 2725; x_wconf 90' lang='lat' dir='ltr'>recte</span> <span class='ocrx_word' id='word_1_181' title='bbox 334 2667 461 2726; x_wconf 89' lang='lat' dir='ltr'>levasse</span> <span class='ocrx_word' id='word_1_182' title='bbox 482 2665 693 2738; x_wconf 82' lang='lat' dir='ltr'>judicaberis,</span> <span class='ocrx_word' id='word_1_183' title='bbox 718 2665 781 2726; x_wconf 90' lang='lat' dir='ltr'>nisi</span> <span class='ocrx_word' id='word_1_184' title='bbox 804 2664 1053 2740; x_wconf 85' lang='lat' dir='ltr'>corruptelarum</span> <span class='ocrx_word' id='word_1_185' title='bbox 1076 2665 1233 2726; x_wconf 87' lang='lat' dir='ltr'>rationem</span> <span class='ocrx_word' id='word_1_186' title='bbox 1247 2665 1288 2723; x_wconf 91' lang='lat' dir='ltr'>ad</span> <span class='ocrx_word' id='word_1_187' title='bbox 1307 2679 1375 2740; x_wconf 90' lang='lat' dir='ltr'>per-</span> 
     </span>
     <span class='ocr_line' id='line_1_24' title="bbox 225 2765 1376 2854; baseline 0 -28"><span class='ocrx_word' id='word_1_188' title='bbox 225 2768 405 2828; x_wconf 89' lang='lat' dir='ltr'>suasionem</span> <span class='ocrx_word' id='word_1_189' title='bbox 430 2770 579 2845; x_wconf 90' lang='lat' dir='ltr'>apposite</span> <span class='ocrx_word' id='word_1_190' title='bbox 603 2769 775 2846; x_wconf 88' lang='lat' dir='ltr'>aperueris.</span> <span class='ocrx_word' id='word_1_191' title='bbox 829 2767 894 2828; x_wconf 87' lang='lat' dir='ltr'>Nec</span> <span class='ocrx_word' id='word_1_192' title='bbox 914 2765 975 2837; x_wconf 84' lang='lat' dir='ltr'>jam</span> <span class='ocrx_word' id='word_1_193' title='bbox 999 2765 1112 2826; x_wconf 89' lang='lat' dir='ltr'>attinet</span> <span class='ocrx_word' id='word_1_194' title='bbox 1134 2765 1376 2854; x_wconf 82' lang='lat' dir='ltr'>reliqua-subti-</span> 
     </span>
     <span class='ocr_line' id='line_1_25' title="bbox 225 2868 1377 2945; baseline 0 -17"><span class='ocrx_word' id='word_1_195' title='bbox 225 2869 307 2928; x_wconf 90' lang='lat' dir='ltr'>liore</span> <span class='ocrx_word' id='word_1_196' title='bbox 336 2886 410 2930; x_wconf 88' lang='lat' dir='ltr'>cura</span> <span class='ocrx_word' id='word_1_197' title='bbox 440 2871 645 2940; x_wconf 86' lang='lat' dir='ltr'>convincere,</span> <span class='ocrx_word' id='word_1_198' title='bbox 676 2871 760 2930; x_wconf 92' lang='lat' dir='ltr'>velut</span> <span class='ocrx_word' id='word_1_199' title='bbox 786 2869 857 2930; x_wconf 91' lang='lat' dir='ltr'>illa:</span> <span class='ocrx_word' id='word_1_200' title='bbox 895 2869 1009 2944; x_wconf 88' lang='lat' dir='ltr'>„quod</span> <span class='ocrx_word' id='word_1_201' title='bbox 1043 2868 1162 2945; x_wconf 82' lang='lat' dir='ltr'>Insigni</span> <span class='ocrx_word' id='word_1_202' title='bbox 1199 2869 1377 2928; x_wconf 77' lang='lat' dir='ltr'>referuntur</span> 
     </span>
     <span class='ocr_line' id='line_1_26' title="bbox 226 2969 1378 3050; baseline -0.002 -18"><span class='ocrx_word' id='word_1_203' title='bbox 226 2987 354 3032; x_wconf 86' lang='lat' dir='ltr'>camena</span> <span class='ocrx_word' id='word_1_204' title='bbox 384 2973 538 3050; x_wconf 78' lang='lat' dir='ltr'>Regulus,</span> <span class='ocrx_word' id='word_1_205' title='bbox 567 2973 693 3042; x_wconf 89' lang='lat' dir='ltr'>Scauri,</span> <span class='ocrx_word' id='word_1_206' title='bbox 723 2969 865 3041; x_wconf 89' lang='lat' dir='ltr'>Paullus,</span> <span class='ocrx_word' id='word_1_207' title='bbox 902 2971 1081 3041; x_wconf 88' lang='lat' dir='ltr'>Fabricius,</span> <span class='ocrx_word' id='word_1_208' title='bbox 1118 2971 1181 3030; x_wconf 89' lang='lat' dir='ltr'>boc</span> <span class='ocrx_word' id='word_1_209' title='bbox 1209 2970 1378 3030; x_wconf 90' lang='lat' dir='ltr'>adversum</span> 
     </span>
     <span class='ocr_line' id='line_1_27' title="bbox 225 3072 1378 3149; baseline 0 -15"><span class='ocrx_word' id='word_1_210' title='bbox 225 3075 323 3134; x_wconf 90' lang='lat' dir='ltr'>totius</span> <span class='ocrx_word' id='word_1_211' title='bbox 358 3074 504 3134; x_wconf 91' lang='lat' dir='ltr'>carminis</span> <span class='ocrx_word' id='word_1_212' title='bbox 541 3075 694 3135; x_wconf 89' lang='lat' dir='ltr'>rationem</span> <span class='ocrx_word' id='word_1_213' title='bbox 730 3075 781 3144; x_wconf 89' lang='lat' dir='ltr'>fit,</span> <span class='ocrx_word' id='word_1_214' title='bbox 818 3090 910 3149; x_wconf 89' lang='lat' dir='ltr'>quarn</span> <span class='ocrx_word' id='word_1_215' title='bbox 941 3089 1009 3133; x_wconf 87' lang='lat' dir='ltr'>earn</span> <span class='ocrx_word' id='word_1_216' title='bbox 1045 3089 1125 3134; x_wconf 79' lang='lat' dir='ltr'>esse.</span> <span class='ocrx_word' id='word_1_217' title='bbox 1155 3072 1309 3142; x_wconf 85' lang='lat' dir='ltr'>vidImus,</span> <span class='ocrx_word' id='word_1_218' title='bbox 1346 3080 1378 3134; x_wconf 92' lang='lat' dir='ltr'>ut</span> 
     </span>
     <span class='ocr_line' id='line_1_28' title="bbox 227 3176 1378 3252; baseline 0.003 -18"><span class='ocrx_word' id='word_1_219' title='bbox 227 3176 332 3235; x_wconf 88' lang='lat' dir='ltr'>omnia</span> <span class='ocrx_word' id='word_1_220' title='bbox 355 3191 436 3251; x_wconf 86' lang='lat' dir='ltr'>quae</span> <span class='ocrx_word' id='word_1_221' title='bbox 459 3177 612 3252; x_wconf 88' lang='lat' dir='ltr'>deinceps</span> <span class='ocrx_word' id='word_1_222' title='bbox 637 3178 834 3238; x_wconf 91' lang='lat' dir='ltr'>nominantur</span> <span class='ocrx_word' id='word_1_223' title='bbox 856 3177 984 3238; x_wconf 85' lang='lat' dir='ltr'>nomiua</span> <span class='ocrx_word' id='word_1_224' title='bbox 1007 3176 1098 3252; x_wconf 88' lang='lat' dir='ltr'>quasi</span> <span class='ocrx_word' id='word_1_225' title='bbox 1128 3176 1295 3251; x_wconf 89' lang='lat' dir='ltr'>proludant</span> <span class='ocrx_word' id='word_1_226' title='bbox 1320 3177 1378 3247; x_wconf 92' lang='lat' dir='ltr'>illi,</span> 
     </span>
     <span class='ocr_line' id='line_1_29' title="bbox 228 3277 1378 3355; baseline 0.003 -19"><span class='ocrx_word' id='word_1_227' title='bbox 228 3277 282 3352; x_wconf 90' lang='lat' dir='ltr'>qui</span> <span class='ocrx_word' id='word_1_228' title='bbox 305 3278 417 3336; x_wconf 90' lang='lat' dir='ltr'>solus</span> <span class='ocrx_word' id='word_1_229' title='bbox 441 3278 596 3355; x_wconf 84' lang='lat' dir='ltr'>insigni</span> <span class='ocrx_word' id='word_1_230' title='bbox 620 3280 776 3340; x_wconf 81' lang='lat' dir='ltr'>reseratur</span> <span class='ocrx_word' id='word_1_231' title='bbox 808 3296 968 3342; x_wconf 85' lang='lat' dir='ltr'>camena</span> <span class='ocrx_word' id='word_1_232' title='bbox 996 3297 1065 3338; x_wconf 92' lang='lat' dir='ltr'>cum</span> <span class='ocrx_word' id='word_1_233' title='bbox 1094 3278 1187 3338; x_wconf 92' lang='lat' dir='ltr'>domo</span> <span class='ocrx_word' id='word_1_234' title='bbox 1211 3296 1286 3348; x_wconf 88' lang='lat' dir='ltr'>sua,</span> <span class='ocrx_word' id='word_1_235' title='bbox 1319 3281 1378 3340; x_wconf 86' lang='lat' dir='ltr'>Au-</span> 
     </span>
     <span class='ocr_line' id='line_1_30' title="bbox 227 3379 1379 3458; baseline 0.004 -19"><span class='ocrx_word' id='word_1_236' title='bbox 227 3386 329 3457; x_wconf 84' lang='lat' dir='ltr'>gusto.</span> <span class='ocrx_word' id='word_1_237' title='bbox 382 3379 439 3441; x_wconf 89' lang='lat' dir='ltr'>llic</span> <span class='ocrx_word' id='word_1_238' title='bbox 469 3381 553 3442; x_wconf 89' lang='lat' dir='ltr'>enim</span> <span class='ocrx_word' id='word_1_239' title='bbox 582 3382 641 3443; x_wconf 89' lang='lat' dir='ltr'>fuit</span> <span class='ocrx_word' id='word_1_240' title='bbox 671 3383 727 3444; x_wconf 87' lang='lat' dir='ltr'>ille</span> <span class='ocrx_word' id='word_1_241' title='bbox 757 3384 824 3452; x_wconf 84' lang='lat' dir='ltr'>vlr,</span> <span class='ocrx_word' id='word_1_242' title='bbox 856 3399 948 3458; x_wconf 88' lang='lat' dir='ltr'>quem</span> <span class='ocrx_word' id='word_1_243' title='bbox 978 3381 1199 3444; x_wconf 88' lang='lat' dir='ltr'>celebrandurn</span> <span class='ocrx_word' id='word_1_244' title='bbox 1223 3381 1293 3441; x_wconf 83' lang='lat' dir='ltr'>Clio</span> <span class='ocrx_word' id='word_1_245' title='bbox 1318 3384 1379 3444; x_wconf 92' lang='lat' dir='ltr'>sibi</span> 
     </span>
     <span class='ocr_line' id='line_1_31' title="bbox 227 3484 1380 3560; baseline 0 -18"><span class='ocrx_word' id='word_1_246' title='bbox 227 3492 411 3556; x_wconf 87' lang='lat' dir='ltr'>sumpserat.</span> <span class='ocrx_word' id='word_1_247' title='bbox 437 3519 475 3528; x_wconf 88' lang='lat'>-</span> <span class='ocrx_word' id='word_1_248' title='bbox 508 3484 571 3544; x_wconf 89' lang='lat' dir='ltr'>Nec</span> <span class='ocrx_word' id='word_1_249' title='bbox 599 3485 703 3545; x_wconf 91' lang='lat' dir='ltr'>minus</span> <span class='ocrx_word' id='word_1_250' title='bbox 733 3501 752 3544; x_wconf 99' lang='lat' dir='ltr'>a</span> <span class='ocrx_word' id='word_1_251' title='bbox 779 3485 903 3560; x_wconf 90' lang='lat' dir='ltr'>reliquo</span> <span class='ocrx_word' id='word_1_252' title='bbox 940 3485 1078 3545; x_wconf 88' lang='lat' dir='ltr'>carmine</span> <span class='ocrx_word' id='word_1_253' title='bbox 1105 3485 1226 3544; x_wconf 91' lang='lat' dir='ltr'>absona</span> <span class='ocrx_word' id='word_1_254' title='bbox 1254 3484 1380 3544; x_wconf 90' lang='lat' dir='ltr'>videtur</span> 
     </span>
     <span class='ocr_line' id='line_1_32' title="bbox 226 3586 1380 3663; baseline 0.002 -18"><span class='ocrx_word' id='word_1_255' title='bbox 226 3586 324 3648; x_wconf 87' lang='lat' dir='ltr'>nimia</span> <span class='ocrx_word' id='word_1_256' title='bbox 348 3588 506 3647; x_wconf 91' lang='lat' dir='ltr'>nominum</span> <span class='ocrx_word' id='word_1_257' title='bbox 529 3586 713 3658; x_wconf 90' lang='lat' dir='ltr'>multitudo,</span> <span class='ocrx_word' id='word_1_258' title='bbox 746 3604 808 3663; x_wconf 90' lang='lat' dir='ltr'>qua</span> <span class='ocrx_word' id='word_1_259' title='bbox 836 3588 889 3647; x_wconf 89' lang='lat' dir='ltr'>hic</span> <span class='ocrx_word' id='word_1_260' title='bbox 918 3587 958 3647; x_wconf 95' lang='lat' dir='ltr'>de</span> <span class='ocrx_word' id='word_1_261' title='bbox 989 3587 1069 3646; x_wconf 83' lang='lat' dir='ltr'>viris</span> <span class='ocrx_word' id='word_1_262' title='bbox 1093 3586 1268 3646; x_wconf 89' lang='lat' dir='ltr'>illustribus</span> <span class='ocrx_word' id='word_1_263' title='bbox 1291 3588 1380 3647; x_wconf 90' lang='lat' dir='ltr'>locus</span> 
     </span>
     <span class='ocr_line' id='line_1_33' title="bbox 228 3688 1380 3763; baseline 0.001 -15"><span class='ocrx_word' id='word_1_264' title='bbox 228 3704 331 3763; x_wconf 86' lang='lat' dir='ltr'>paene</span> <span class='ocrx_word' id='word_1_265' title='bbox 360 3689 503 3750; x_wconf 90' lang='lat' dir='ltr'>abundat.</span> <span class='ocrx_word' id='word_1_266' title='bbox 554 3689 730 3760; x_wconf 84' lang='lat' dir='ltr'>Quatuor</span> <span class='ocrx_word' id='word_1_267' title='bbox 760 3691 843 3750; x_wconf 89' lang='lat' dir='ltr'>enirn</span> <span class='ocrx_word' id='word_1_268' title='bbox 874 3690 995 3760; x_wconf 91' lang='lat' dir='ltr'>deos,</span> <span class='ocrx_word' id='word_1_269' title='bbox 1032 3689 1061 3748; x_wconf 90' lang='lat' dir='ltr'>si</span> <span class='ocrx_word' id='word_1_270' title='bbox 1091 3688 1238 3749; x_wconf 89' lang='lat' dir='ltr'>Liberum</span> <span class='ocrx_word' id='word_1_271' title='bbox 1265 3690 1380 3750; x_wconf 90' lang='lat' dir='ltr'>merito</span> 
     </span>
    </p>
   </div>
   <div class='ocr_carea' id='block_1_4' title="bbox 133 3790 1381 3865">
    <p class='ocr_par' dir='ltr' id='par_1_4' title="bbox 133 3790 1381 3865">
     <span class='ocr_line' id='line_1_34' title="bbox 133 3790 1381 3865; baseline -0.001 -16"><span class='ocrx_word' id='word_1_272' title='bbox 133 3828 136 3834; x_wconf 66' lang='lat'>,</span> <span class='ocrx_word' id='word_1_273' title='bbox 230 3792 410 3865; x_wconf 81' lang='lat' dir='ltr'>expuleris,</span> <span class='ocrx_word' id='word_1_274' title='bbox 438 3792 537 3851; x_wconf 90' lang='lat' dir='ltr'>duos</span> <span class='ocrx_word' id='word_1_275' title='bbox 560 3793 630 3852; x_wconf 86' lang='lat' dir='ltr'>sive</span> <span class='ocrx_word' id='word_1_276' title='bbox 652 3799 734 3852; x_wconf 90' lang='lat' dir='ltr'>tres</span> <span class='ocrx_word' id='word_1_277' title='bbox 757 3794 909 3852; x_wconf 85' lang='lat' dir='ltr'>heroes</span> <span class='ocrx_word' id='word_1_278' title='bbox 933 3791 1014 3851; x_wconf 90' lang='lat' dir='ltr'>viri</span> <span class='ocrx_word' id='word_1_279' title='bbox 1037 3795 1211 3865; x_wconf 88' lang='lat' dir='ltr'>sequuntur</span> <span class='ocrx_word' id='word_1_280' title='bbox 1233 3790 1381 3850; x_wconf 86' lang='lat' dir='ltr'>decem.</span> 
     </span>
    </p>
   </div>
   <div class='ocr_carea' id='block_1_5' title="bbox 228 3892 1383 4380">
    <p class='ocr_par' dir='ltr' id='par_1_5' title="bbox 228 3892 1383 4380">
     <span class='ocr_line' id='line_1_35' title="bbox 228 3892 1383 3968; baseline 0.001 -16"><span class='ocrx_word' id='word_1_281' title='bbox 228 3893 315 3954; x_wconf 86' lang='lat' dir='ltr'>Nunc</span> <span class='ocrx_word' id='word_1_282' title='bbox 337 3910 413 3955; x_wconf 91' lang='lat' dir='ltr'>vero</span> <span class='ocrx_word' id='word_1_283' title='bbox 437 3902 508 3956; x_wconf 89' lang='lat' dir='ltr'>octo</span> <span class='ocrx_word' id='word_1_284' title='bbox 535 3895 679 3956; x_wconf 87' lang='lat' dir='ltr'>versibus</span> <span class='ocrx_word' id='word_1_285' title='bbox 702 3895 837 3955; x_wconf 90' lang='lat' dir='ltr'>resectis</span> <span class='ocrx_word' id='word_1_286' title='bbox 863 3894 975 3953; x_wconf 87' lang='lat' dir='ltr'>eadem</span> <span class='ocrx_word' id='word_1_287' title='bbox 999 3910 1061 3968; x_wconf 88' lang='lat' dir='ltr'>qua</span> <span class='ocrx_word' id='word_1_288' title='bbox 1081 3893 1113 3952; x_wconf 90' lang='lat' dir='ltr'>in</span> <span class='ocrx_word' id='word_1_289' title='bbox 1130 3893 1248 3952; x_wconf 90' lang='lat' dir='ltr'>ceteris</span> <span class='ocrx_word' id='word_1_290' title='bbox 1263 3892 1383 3953; x_wconf 86' lang='lat' dir='ltr'>selecta</span> 
     </span>
     <span class='ocr_line' id='line_1_36' title="bbox 229 3993 1381 4074; baseline -0.002 -17"><span class='ocrx_word' id='word_1_291' title='bbox 229 3997 389 4072; x_wconf 89' lang='lat' dir='ltr'>paucitate</span> <span class='ocrx_word' id='word_1_292' title='bbox 412 4004 507 4073; x_wconf 93' lang='lat' dir='ltr'>poeta</span> <span class='ocrx_word' id='word_1_293' title='bbox 529 4015 605 4058; x_wconf 89' lang='lat' dir='ltr'>usus</span> <span class='ocrx_word' id='word_1_294' title='bbox 628 4003 772 4074; x_wconf 66' lang='lat' dir='ltr'>apparet,</span> <span class='ocrx_word' id='word_1_295' title='bbox 793 4031 835 4039; x_wconf 89' lang='lat'><em>-</em></span> <span class='ocrx_word' id='word_1_296' title='bbox 864 3994 953 4065; x_wconf 84' lang='lat' dir='ltr'>Quod</span> <span class='ocrx_word' id='word_1_297' title='bbox 971 3994 1149 4063; x_wconf 83' lang='lat' dir='ltr'>Fabricius,</span> <span class='ocrx_word' id='word_1_298' title='bbox 1173 3993 1302 4063; x_wconf 85' lang='lat' dir='ltr'>Curius,</span> <span class='ocrx_word' id='word_1_299' title='bbox 1327 3996 1381 4055; x_wconf 80' lang='lat' dir='ltr'>Ga·</span> 
     </span>
     <span class='ocr_line' id='line_1_37' title="bbox 230 4094 1382 4182; baseline -0.002 -23"><span class='ocrx_word' id='word_1_300' title='bbox 230 4099 335 4159; x_wconf 91' lang='lat' dir='ltr'>millus</span> <span class='ocrx_word' id='word_1_301' title='bbox 357 4106 512 4175; x_wconf 90' lang='lat' dir='ltr'>tamquam</span> <span class='ocrx_word' id='word_1_302' title='bbox 536 4103 646 4174; x_wconf 83' lang='grc' dir='ltr'><strong><em>πενίας</em></strong></span> <span class='ocrx_word' id='word_1_303' title='bbox 667 4094 889 4180; x_wconf 78' lang='grc' dir='ltr'><strong>κουροτρόφόυ</strong></span> <span class='ocrx_word' id='word_1_304' title='bbox 919 4099 1066 4174; x_wconf 90' lang='lat' dir='ltr'>exempla</span> <span class='ocrx_word' id='word_1_305' title='bbox 1095 4103 1320 4182; x_wconf 89' lang='lat' dir='ltr'>memorantur,</span> <span class='ocrx_word' id='word_1_306' title='bbox 1351 4098 1382 4157; x_wconf 93' lang='lat' dir='ltr'>in</span> 
     </span>
     <span class='ocr_line' id='line_1_38' title="bbox 230 4196 1382 4278; baseline -0.003 -16"><span class='ocrx_word' id='word_1_307' title='bbox 230 4204 291 4275; x_wconf 81' lang='lat' dir='ltr'>hoc</span> <span class='ocrx_word' id='word_1_308' title='bbox 321 4207 409 4261; x_wconf 88' lang='lat' dir='ltr'>certe</span> <span class='ocrx_word' id='word_1_309' title='bbox 440 4203 593 4271; x_wconf 88' lang='lat' dir='ltr'>carmine,</span> <span class='ocrx_word' id='word_1_310' title='bbox 631 4220 693 4278; x_wconf 85' lang='lat' dir='ltr'>quo</span> <span class='ocrx_word' id='word_1_311' title='bbox 724 4200 801 4262; x_wconf 90' lang='lat' dir='ltr'>clari</span> <span class='ocrx_word' id='word_1_312' title='bbox 831 4199 892 4259; x_wconf 86' lang='lat' dir='ltr'>viri</span> <span class='ocrx_word' id='word_1_313' title='bbox 923 4196 1177 4276; x_wconf 87' lang='lat' dir='ltr'>simpliciter</span> <span class='ocrx_word' id='word_1_314' title='bbox 1205 4197 1382 4269; x_wconf 90' lang='lat' dir='ltr'>laudentur,</span> 
     </span>
     <span class='ocr_line' id='line_1_39' title="bbox 230 4300 1383 4380; baseline -0.005 -14"><span class='ocrx_word' id='word_1_315' title='bbox 230 4304 348 4367; x_wconf 88' lang='lat' dir='ltr'>nullum</span> <span class='ocrx_word' id='word_1_316' title='bbox 371 4321 501 4380; x_wconf 91' lang='lat' dir='ltr'>prorsus</span> <span class='ocrx_word' id='word_1_317' title='bbox 524 4305 626 4366; x_wconf 88' lang='lat' dir='ltr'>Iocum</span> <span class='ocrx_word' id='word_1_318' title='bbox 649 4305 775 4369; x_wconf 86' lang='lat' dir='ltr'>babet.“</span> <span class='ocrx_word' id='word_1_319' title='bbox 809 4304 950 4366; x_wconf 84' lang='lat' dir='ltr'>Praestat</span> <span class='ocrx_word' id='word_1_320' title='bbox 973 4302 1056 4365; x_wconf 88' lang='lat' dir='ltr'>enim</span> <span class='ocrx_word' id='word_1_321' title='bbox 1081 4300 1202 4361; x_wconf 88' lang='lat' dir='ltr'>intendi</span> <span class='ocrx_word' id='word_1_322' title='bbox 1222 4307 1383 4363; x_wconf 87' lang='lat' dir='ltr'>extremae</span> 
     </span>
    </p>
   </div>
   <div class='ocr_carea' id='block_1_6' title="bbox 0 0 1535 4980">
    <p class='ocr_par' dir='ltr' id='par_1_6' title="bbox 0 0 1535 4980">
     <span class='ocr_line' id='line_1_40' title="bbox 0 0 1535 4980; baseline 0 0"><span class='ocrx_word' id='word_1_323' title='bbox 0 0 1535 4980; x_wconf 95' lang='lat' dir='ltr'> </span> 
     </span>
    </p>
   </div>
  </div>
 </body>
</html>
