3026 4988
776 350 839 421 118

230 525 371 587 Sarbiev.
392 524 441 584 ΙΙΙ.
466 525 505 583 24
537 542 565 599 p.
588 524 661 582 120:
697 524 782 583 Talis
812 525 960 598 superbis
990 524 1081 586 irruit
1103 520 1251 587 hostibus
1274 527 1389 589 Mortis

231 628 381 687 decoro
415 627 590 702 pulvere
625 625 845 685 sordidus“
907 625 1079 696 Quominus
1113 635 1218 690 autern
1254 647 1389 706 magnos

231 731 327 789 duces
350 729 496 788 devictos
515 711 639 803 potius,
664 744 755 802 qnam
770 727 1012 797 concionantes,
1036 735 1070 789 ut
1086 730 1189 790 visum
1204 737 1255 791 est
1269 733 1389 792 Acroni

232 837 264 890 et
293 829 522 905 Porplryrioni,
554 834 606 888 aut
638 829 782 898 „militia
809 828 1018 900 redeuntes“,
1054 837 1088 890 ιιι
1120 832 1184 892 vult
1215 833 1389 898 Gevartius

231 931 294 991 ld.
319 933 355 992 cl.
369 931 501 991 Martial.
513 931 590 990 Vlll.
606 932 656 1000 os,
671 931 706 1000 3,
730 929 794 990 dici
812 931 1061 1006 perspiceretur,
1087 933 1228 994 obfuisse
1248 935 1389 995 maxime

233 1036 357 1095 videtur
379 1034 568 1094 insolentior
589 1052 666 1094 usus
691 1034 780 1093 verbi
803 1034 1017 1103 subactus,
1042 1033 1131 1105 cujus
1154 1043 1269 1096 testem
1289 1039 1387 1098 babe-

231 1154 299 1196 mus
321 1136 444 1196 Florum
466 1136 502 1194 ll.
529 1136 578 1205 18,
604 1140 637 1196 5:
668 1135 896 1196 Mancinum
920 1150 1047 1210 quoque
1070 1136 1209 1197 assiduis
1233 1139 1388 1199 caedibus

232 1239 278 1298 ita
299 1229 566 1314 subegerunt,
589 1244 623 1298 ιιι
649 1253 689 1298 ne
714 1238 826 1320 oculos
850 1237 978 1312 quidem
1001 1243 1054 1298 aut
1078 1253 1188 1298 vocem
1203 1239 1387 1300 Numantini

208 1418 210 1422 Ι
232 1339 292 1400 viri
318 1339 483 1415 quisquam
506 1340 705 1400 sustineret“
730 1339 767 1398 cl.
782 1339 884 1399 Burni.
898 1340 1011 1398 Lucan.
1028 1339 1076 1398 lll.
1094 1341 1129 1401 91
1157 1359 1186 1416 p.
1204 1341 1273 1400 162.
1300 1343 1387 1417 Calp.

231 1442 403 1502 Ecllbb:
435 1442 584 1500 Tartareo
617 1439 861 1516 subigantur
891 1456 1018 1501 carcere
1047 1443 1199 1515 bella“;
1238 1444 1389 1518 plerique

234 1544 319 1603 enim
341 1543 408 1603 lere
432 1541 479 1603 sic
494 1543 679 1617 loquuntur,
702 1548 736 1601 ut
752 1542 921 1602 Sallustius
937 1544 1001 1602 Cat.
1018 1543 1066 1613 19,
1087 1547 1117 1604 l:
1141 1560 1259 1621 reges
1279 1546 1389 1622 magni

232 1646 317 1705 bello
347 1644 511 1713 domiti,
549 1643 694 1704 nationes
725 1645 813 1703 ferae
845 1651 876 1704 et
904 1645 1018 1720 populi
1053 1646 1201 1722 ingentes
1232 1647 1266 1706 vi
1297 1651 1388 1709 sub-

233 1745 316 1806 acti
340 1779 397 1814 -,
429 1750 571 1804 cuncta
594 1743 693 1804 maria
721 1751 932 1821 terraeque
964 1749 1146 1819 patebant.“
1193 1746 1253 1817 Qui
1277 1751 1387 1827 regi-

213 1849 303 1908 bus
332 1846 453 1924 magnis
483 1846 529 1906 sic
560 1854 726 1907 cunctas
759 1854 892 1908 terras
917 1847 1055 1918 addidit,
1084 1856 1118 1908 ut
1141 1849 1293 1911 Horatius
1317 1853 1387 1912 du-

232 1949 346 2010 cibus
367 1950 489 2027 magnis
513 1956 656 2010 cuncta
678 1956 894 2020 terrarum,
919 1968 980 2026 quo
999 1951 1109 2011 eodem
1125 1951 1218 2011 modo
1232 1937 1388 2015 'Avienus

232 2052 568 2114 praenoscebant.
584 2052 642 2111 ³01
659 2058 689 2111 et
702 2052 849 2112 Paulinus
862 2053 928 2113 Nat.
939 2051 992 2132 111.
1008 2054 1045 2112 16
1065 2051 1229 2114 dixerunt:
1253 2073 1338 2116 ornn
1349 2055 1389 2116 ia

139 2145 142 2151 “
231 2160 428 2213 terrarum
443 2154 601 2213 etooeli.“
616 2153 838 2230 Delulgore
858 2171 1049 2232 armoqum
1062 2162 1306 2230 autenpraeter
1319 2174 1388 2228 eos,

234 2273 313 2330 quos
336 2256 510 2315 nominavit
522 2255 772 2330 Peerlkarnpius‚
794 2257 897 2316 habeo
915 2274 993 2331 quos
1012 2255 1138 2317 afferam
1154 2258 1279 2319 Livium
1295 2260 1388 2320 XXII.

233 2360 284 2428 28,
309 2359 342 2416 8:
364 2359 480 2419 necubi
502 2361 636 2436 fulgor
659 2376 852 2419 armorum
875 2359 1014 2420 fraudem
1037 2359 1232 2438 detegeret“
1257 2364 1295 2422 cf.
1314 2364 1387 2424 Arn-

233 2461 325 2521 mian.
348 2461 439 2521 Marc.
464 2461 569 2520 XXIX.
595 2463 624 2530 5,
650 2464 703 2522 15:
734 2461 897 2539 fulgore
919 2462 1127 2537 signorum
1150 2465 1388 2539 praestrictus“

234 2569 265 2622 et
288 2563 428 2623 Taciturn
449 2564 529 2623 Ann.
553 2563 574 2621 Ι.
598 2564 647 2623 68.
678 2563 817 2624 Huschk.
842 2563 908 2622 Tib.
924 2564 944 2622 l.
965 2564 1014 2634 19,
1033 2565 1070 2623 31
1095 2584 1124 2640 p.
1141 2567 1221 2639 2623
1245 2567 1389 2642 denique

232 2665 273 2724 dc
295 2665 401 2726 verbis
425 2684 452 2723 v.
480 2667 532 2726 10:
557 2666 742 2741 publicas
767 2681 830 2724 res
855 2665 1061 2736 ordinare,
1087 2669 1314 2742 quacomnino
1332 2670 1389 2728 irn-

234 2767 404 2842 probarunt
427 2766 666 2842 Peerlkampius
689 2774 721 2827 et
746 2767 957 2838 Bitschelios,
986 2786 1080 2845 quum
1111 2777 1204 2829 recte·
1221 2769 1389 2830 distincte-

178 2913 202 2923 ..
234 2884 295 2942 que
325 2869 366 2928 iis
396 2867 558 2945 designari
589 2887 650 2929 non
679 2874 800 2928 temere
824 2871 1046 2946 interpreteris
1079 2887 1166 2941 eum,
1196 2871 1252 2947 qui
1275 2878 1391 2946 pacata

234 2968 343 3030 civilia
365 2970 449 3030 bella
471 2971 710 3046 perscripserit,
734 2969 890 3044 Vellcjum
904 2973 938 3032 ll.
962 2975 1012 3043 92,
1030 2975 1065 3034 2;
1089 2975 1198 3034 aberat
1222 2974 1255 3034 in
1279 2975 1389 3035 ordi-

232 3071 377 3131 nandis
411 3071 531 3133 Asiae
563 3073 767 3149 Orientisque
797 3077 952 3134 rebus.“
996 3077 1066 3146 122,
1090 3078 1126 3136 2;
1161 3075 1388 3136 ordinatis-

233 3187 307 3246 que
331 3174 451 3232 rebns
475 3174 744 3234 Orientisstet
769 3194 848 3251 quos
871 3177 1061 3240 testificatus
1086 3185 1134 3238 est
1153 3179 1388 3253 Bernhardyus,

231 3273 488 3350 Oudendorpium
517 3277 625 3336 Thonr.
654 3276 734 3355 Mag.
765 3298 794 3354 p.
815 3280 874 3340 188
891 3298 936 3357 sq.
974 3287 1006 3342 et
1036 3281 1257 3343 Ruhnkenium
1287 3282 1386 3342 Prael.

230 3381 305 3440 Lex.
330 3379 480 3441 Scheller.
505 3399 534 3458 p.
558 3380 621 3442 Xll.

759 3616 852 3712 le.

316 3790 461 3852 Mirabile
485 3790 589 3851 moliri
612 3790 733 3850 lacinus
760 3807 856 3851 ausus
875 3797 923 3852 est
938 3793 1091 3854 Lebrsins
1108 3810 1233 3854 versum
1246 3795 1267 3853 l.
1282 3795 1312 3865 2,
1327 3798 1384 3856 52:

442 3893 523 3953 Neu
546 3893 657 3953 sinas
680 3885 814 3953 Medos
839 3895 1026 3969 equitare
1049 3897 1206 3957 inultos

593 3993 630 4055 'lc
652 3993 739 4070 lucc,
762 3993 873 4065 Cacsar,

230 4095 262 4154 in
288 4096 370 4155 hunc
394 4095 518 4182 modurn
543 4095 734 4156 immutando
758 4110 787 4170 p.
812 4095 944 4156 XXXIV.
967 4113 997 4172 p.
1013 4100 1049 4156 l:
1073 4098 1141 4158 Neu
1164 4098 1251 4158 sinas
1274 4099 1385 4160 Medos

230 4196 374 4271 equitare
398 4197 515 4257 inultos
539 4200 642 4258 Arva
664 4202 839 4274 negata.“
885 4195 984 4266 Quem
1007 4213 1132 4257 versum
1156 4204 1272 4273 quanto
1296 4199 1384 4260 dete-

231 4293 331 4360 iorcrn
362 4313 437 4360 osse
469 4298 611 4361 dicemus
643 4315 750 4362 corum
786 4299 944 4390 quolibet,
976 4314 1055 4377 quos
1088 4298 1127 4359 ad
1159 4299 1384 4374 explicandum
