3026 4988
664 385 707 459 tt

102 569 311 646 proelium
334 564 553 634 commisit,
589 562 620 622 id
646 562 761 622 idoneo
785 561 966 622 defenditur
987 566 1164 636 patrocinio
1189 565 1261 627 Silii

102 691 162 732 non
178 672 235 731 illo
248 668 325 728 lllll.
340 668 417 728 aab:
442 667 569 726 solitum
583 663 710 738 aequali
723 664 797 724 ludo
821 665 1076 724 committere
1094 676 1260 743 equestres

99 773 275 849 Scipiadae
305 778 489 848 pugnast‘
521 767 619 844 (Virg.
643 767 719 826 Aen.
742 764 778 823 V.
804 762 876 846 69),
915 765 972 824 sed
997 768 1058 826 hoc
1080 770 1156 828 Xlll.
1184 773 1261 832 155:

99 875 317 935 Praevetitnm
333 887 467 946 namque
488 879 519 930 et
538 868 654 944 capital
677 865 931 927 committere
953 869 1115 930 Martem
1142 871 1260 949 Sponte

102 977 211 1036 viris“
245 983 275 1034 et
298 973 420 1034 Valerii
444 971 547 1033 Flacci
571 970 618 1029 Vl.
644 970 700 1028 31:
737 971 823 1028 Tunc
847 975 878 1026 et
902 971 1037 1044 quisque
1068 975 1135 1033 suis
1159 992 1259 1035 com-

100 1077 237 1139 mittit
261 1075 425 1153 proelia
449 1075 552 1133 telis“
576 1075 671 1145 alque
695 1070 802 1129 Ovidii
826 1070 897 1129 Met.
920 1070 956 1130 V.
983 1073 1060 1133 307:
1085 1075 1150 1135 Huc
1172 1079 1261 1164 venit

102 1187 133 1239 et
163 1180 223 1238 tali
261 1178 518 1239 committunt
553 1173 720 1250 proelia
756 1183 864 1233 voce“
904 1171 1062 1250 Statiique
1090 1179 1185 1238 Theb.
1210 1182 1260 1240 Vl.

103 1284 181 1343 143:
222 1281 280 1341 Cui
311 1295 458 1354 superum
491 1282 598 1336 nostro
631 1273 888 1335 committere
918 1277 1072 1352 sanguine
1103 1298 1260 1358 pugnas

100 1385 243 1450 Dulce“,
267 1381 307 1440 de
331 1396 461 1454 quorum
486 1378 645 1438 sententia
668 1377 786 1453 ambigi
810 1378 920 1451 nequit
944 1385 1076 1454 propter
1098 1381 1261 1444 Bartbium

101 1508 130 1563 p.
157 1485 229 1547 403.
288 1482 485 1542 Perizonium
518 1478 679 1539 Animadv.
712 1478 790 1538 llist.
814 1480 849 1537 il.
890 1498 917 1555 p.
944 1480 1014 1541 452.
1065 1483 1167 1544 Bnrm.
1191 1485 1262 1547 Val.

100 1589 201 1648 Flacc.
226 1587 245 1646 l.
263 1585 291 1645 d.
311 1605 345 1661 p.
361 1585 421 1642 493
447 1589 479 1642 et
502 1581 592 1641 bvid.
616 1579 688 1640 Mel.
704 1581 767 1641 llll.
784 1583 823 1642 68
848 1601 876 1658 p.
895 1583 964 1642 ata.
994 1585 1088 1645 Drak.
1102 1587 1261 1660 Livrxxl.
1361 1600 1362 1603 ’

102 1693 153 1765 lb,
184 1691 216 1760 l;
253 1688 478 1747 inchoasse
509 1682 591 1744 enim
623 1689 653 1742 et
685 1683 816 1742 inisse
840 1701 962 1760 grave
985 1688 1144 1762 proelium
1168 1693 1262 1752 'libe-

102 1795 169 1853 rius
195 1791 312 1850 dicitnr
337 1788 392 1848 ille
417 1787 478 1857 „ad
501 1785 707 1846 debellandos
732 1787 859 1855 hostes,
883 1787 937 1862 qui
960 1789 999 1848 ab
1022 1791 1112 1852 ltalia
1134 1798 1261 1870 propul-

101 1897 162 1956 sati
180 1902 285 1954 lamen
301 1891 435 1952 vicinam
450 1870 584 1950 Galliam
601 1888 790 1963 depopulari
805 1890 1040 1962 perrexissent,
1063 1893 1151 1954 fratri
1170 1897 1261 1958 datus

101 1996 254 2068 adint0r“
279 1992 403 2084 (Frank.
429 1994 449 2052 l.
466 1992 493 2051 d.
518 2009 547 2067 p.
564 1990 640 2070 211)
670 1996 700 2048 et
729 1989 760 2048 in
786 1990 913 2051 diversa
935 1999 1024 2068 parte
1048 1996 1124 2055 belli
1147 2001 1261 2058 molem

101 2115 274 2178 aggressus
298 2093 434 2179 (Ruhnk.
459 2094 650 2155 Vettllae.
676 2111 704 2169 p.
724 2090 808 2174 lll).
843 2092 904 2153 Sed
932 2096 1016 2170 quod
1040 2116 1065 2156 v.
1086 2099 1102 2156 3
1128 2101 1260 2177 legitur:

102 2205 140 2262 in
170 2218 312 2262 aevum
336 2203 541 2266 aeternat,
571 2197 602 2256 id
628 2196 784 2256 immerito
808 2213 826 2256 a
848 2195 1011 2259 Meinekio
1036 2201 1066 2259 in
1092 2203 1162 2263 loco
1187 2207 1260 2265 reti-

16 2311 20 2323 '
102 2305 170 2363 neri
196 2302 342 2361 videmur
366 2317 461 2376 supra
481 2299 507 2358 ll
531 2299 729 2375 probavisse.

662 2585 702 2680 b.

188 2781 278 2852 Quod
302 2781 491 2856 optimorum
523 2779 673 2838 librorum
700 2793 864 2838 consensu·
889 2781 1052 2855 probatum
1076 2783 1126 2842 lV.
1151 2786 1181 2855 l,
1205 2788 1261 2846 at:

359 2869 540 2974 Laleque
563 2898 765 2957 victrices
790 2903 984 2959 catervae

426 3001 632 3061 Consiliis
654 2999 821 3070 juvenis
846 2999 971 3063 rerlrtnc

102 3138 185 3182 novc
217 3121 333 3180 dictum
372 3111 445 3180 esse
476 3139 534 3196 pro
567 3120 751 3179 vicissim
791 3119 928 3179 victae
957 3123 1263 3201 praelerendnmqne
1309 3161 1310 3166 κ

102 3224 195 3284 alteri
219 3239 441 3298 repressae
467 3219 633 3305 (Porphyr.
657 3221 1011 3307 codd.l.amb.Bentl.),
1036 3226 1118 3300 qnod
1140 3229 1262 3304 glosse-

102 3327 177 3387 mati
204 3326 310 3385 simile
333 3325 480 3384 videatur
503 3339 593 3393 esse,
623 3323 804 3385 bleinekins
837 3333 946 3385 censet
978 3328 1142 3402 creditque
1166 3332 1262 3390 Labr-

103 3431 170 3490 sius
197 3445 229 3503 p.
255 3426 419 3495 CXXVlll‚
445 3425 475 3486 id
502 3441 562 3502 ego
586 3425 696 3485 dubito
721 3444 758 3485 an
786 3421 861 3506 (non
885 3427 988 3484 minus
1012 3428 1141 3498 salsum,
1166 3448 1260 3505 qnam

103 3529 180 3590 illud
206 3528 401 3589 redomiti
425 3528 487 3588 Cic.
512 3547 541 3604 p.
566 3526 639 3587 Sull.
666 3529 693 3596 l,
720 3527 748 3596 1,
779 3524 862 3602 qnod
894 3527 1072 3602 corrigendi
1105 3530 1184 3590 alias
1209 3549 1261 3590 co-

103 3634 157 3709 pia
188 3628 264 3713 erit)
297 3631 328 3691 in
361 3647 400 3711 eo
431 3646 550 3707 genere
589 3631 629 3690 sit
660 3630 899 3700 numerandum,
937 3630 1021 3705 qnod
1050 3637 1184 3691 tractare
1216 3634 1261 3692 in·
1338 3657 1342 3666 Δ

102 3713 209 3812 gressi
232 3751 339 3792 sumus
356 3733 409 3791 llll
434 3733 471 3793 cl.
488 3731 592 3791 XXIV.
645 3734 898 3798 Consentaneum
923 3740 969 3792 est
997 3734 1080 3793 enim
1104 3733 1265 3814 ejusmodi

106 3836 255 3911 quiddam
280 3831 501 3910 circumspici,
532 3835 582 3893 cui
613 3835 823 3910 probabiliter
852 3834 940 3893 dicas
971 3835 1009 3894 ab
1034 3833 1263 3911 interpretibus

103 3938 265 4012 adscripta
288 3935 389 3996 titisse
413 3938 509 3996 verba
533 3937 658 4010 utrique
682 3937 783 3996 lrnndi
801 3943 995 4013 opportuna,
1019 3943 1082 3997 tum
1099 3938 1175 3998 illnd
1203 3954 1264 3995 re.

104 4054 289 4115 pressae,
328 4044 393 4098 tum
431 4039 514 4113 quod
552 4055 608 4114 par
639 4046 670 4098 et
702 4039 807 4098 simile
842 4044 928 4097 esset
959 4038 1007 4107 ei,
1043 4037 1125 4113 qnod
1156 4039 1266 4115 posuit

103 4146 227 4202 Acron:
263 4142 406 4202 aDrnso
437 4141 539 4201 adbuc
569 4157 668 4226 puero
700 4141 883 4216 superati
920 4147 1019 4198 snnt“
1052 4139 1189 4200 victae
1222 4143 1265 4201 in-

105 4243 317 4303 slrnclnmad
348 4244 541 4304 conllandam
573 4231 684 4304 vocem
718 4244 920 4308 revictae,
946 4259 1006 4315 qna
1042 4260 1130 4301 nsum
1170 4244 1264 4303 video

104 4347 302 4407 Sarbievinrn
336 4345 425 4405 tac
459 4365 485 4422 p.
505 4347 581 4406 tec:
617 4347 815 4404 revictum
847 4343 915 4402 Uno
939 4345 1045 4404 Asiam
1071 4345 1267 4421 Libyamque
1376 4397 1382 4407 .

1060 4450 1076 4512 l
