3026 4988
686 339 731 410 88

122 513 457 596 per·.litora1·eptans
481 512 644 588 improbus
668 513 819 590 Ortygiae
841 514 923 574 latus
948 512 1118 577 inclinabat
1137 517 1280 594 Apollo“

124 620 156 674 et
187 613 238 673 Xl.
266 616 321 675 12:
366 614 556 708 Quantus
579 616 769 692 Apollineae
802 621 971 676 temerator
1006 618 1114 678 matris
1151 621 1279 681 Auerno

123 717 279 777 Tenditur
305 750 349 774 .-
380 717 443 782 Scio
472 722 582 794 gravat
613 717 747 788 injectus
778 722 921 779 terram“
957 718 1279 797 ct.virg.Acn.v1.

124 820 258 893 208sq.
285 817 345 879 vid.
367 819 477 898 Markl.
509 819 585 880 Stat.
613 819 688 882 Silv.
712 819 732 878 l.
758 820 787 889 2,
809 819 879 880 242.
933 821 1014 880 Gort.
1037 823 1150 882 Lucan.
1163 821 1199 882 V.
1218 823 1277 885 183

123 938 155 995 p.
173 921 254 990 tal,
279 927 311 979 et
335 919 440 1004 illiuS,
466 939 527 997 quo
552 922 634 982 idern
659 939 735 982 usus
759 927 808 981 ast
823 921 899 981 silv.
913 921 949 981 V.
969 924 997 993 3,
1012 923 1090 984 ert:
1113 940 1173 984 neo
1196 926 1279 986 enirn

123 1021 204 1083 mihi
229 1023 336 1083 sidera
358 1028 508 1083 tantum
532 1024 745 1100 Aequoruque
768 1028 799 1082 el
813 1029 930 1091 terras,
955 1039 1065 1099 quam
1089 1043 1146 1102 vos
1160 1019 1279 1088 debere

123 1124 282 1201 parenti.“
307 1124 369 1184 vid.
395 1126 472 1185 Adn.
497 1125 560 1194 Eoi,
584 1127 638 1184 ult.
663 1129 682 1190 9
714 1143 740 1200 p.
759 1125 809 1184 tt.

641 1359 768 1456 xtvl.

209 1533 446 1605 Ejusdemmodi
469 1535 654 1596 vocabulum
679 1536 907 1596 restituendum
932 1543 980 1597 est
1002 1535 1050 1596 111.
1078 1539 1127 1606 30,
1154 1539 1206 1598 lt:
1271 1605 1275 1612 ,

277 1637 411 1705 Dicar,
436 1654 513 1711 qua
536 1637 701 1698 violens
724 1638 931 1716 obstrepit
954 1639 1129 1700 Aufidus

275 1738 321 1798 Et
344 1725 594 1816 qua'pauper
616 1755 747 1814 aqrrae
770 1741 886 1804 Daunus
909 1740 1131 1818 agrestium
1168 1793 1170 1798 ,

275 1841 476 1916 Regnavit
500 1842 757 1918 populorum,
782 1858 827 1904 ex
851 1844 996 1905 humili
1020 1849 1165 1920 potens

276 1943 469 2020 Princeps
493 1944 679 2026 Aeolium
702 1961 859 2006 carmen
882 1945 928 2006 ad
951 1946 1076 2006 italos

186 2087 190 2096 -
274 2045 506 2107 Deduxisse
528 2046 677 2107 modos.

123 2149 267 2224 Namque
302 2150 477 2209 Daunum
512 2164 638 2230 aquae
674 2164 892 2225 pauperem
931 2149 1072 2227 regionis
1108 2149 1216 2212 aridae
1246 2158 1278 2209 et

124 2252 315 2312 siticulosae
345 2267 452 2328 regem
482 2252 647 2328 eleganter
677 2247 741 2309 dici
770 2250 915 2322 Bentlejo
952 2270 1013 2312 nou
1052 2254 1151 2331 magis
1181 2253 1276 2313 oredo

126 2351 200 2433 [trec
231 2353 366 2414 credidit
396 2351 665 2437 Peerlkampius)‚
697 2370 789 2428 quam
818 2353 930 2414 Servio
956 2352 1040 2431 Virg.
1062 2354 1277 2442 Aen3X1.280

123 2472 154 2529 p.
179 2456 237 2515 et:
261 2457 361 2533 ligura
385 2456 505 2517 Graeca
528 2460 593 2526 est,
617 2456 699 2516 sicut
718 2455 867 2518 Horatius
890 2456 1117 2534 agrestium
1138 2472 1278 2534 regna-

125 2558 185 2618 vit
209 2558 453 2634 populorum
485 2577 541 2636 pro
565 2559 805 2635 agrestibus
829 2557 1036 2635 populis“,
1067 2541 1277 2634 Porphyrioni

124 2680 154 2738 p.
181 2661 253 2730 aro,
281 2662 329 2732 ro,
364 2661 532 2722 veanncro
556 2660 752 2724 uctrenorcx.
778 2662 798 2720 r.
823 2660 905 2728 ant
930 2680 959 2737 p.
975 2662 1047 2730 ros,
1081 2659 1176 2720 nitio
1199 2641 1280 2736 scu!

124 2762 206 2822 rinn.
237 2781 265 2839 p.
285 2766 324 2824 66
355 2770 389 2824 ut
418 2781 501 2825 nove
530 2765 575 2824 ita
599 2769 683 2824 recte
708 2766 744 2825 ab
774 2762 904 2823 Horatio
935 2762 1052 2823 dictum
1082 2779 1154 2823 esse
1178 2762 1277 2822 istud:

124 2865 316 2942 regnavit
344 2866 595 2942 populorum.
648 2865 743 2926 lmmo
767 2881 844 2925 vero
869 2843 931 2940 ipsi
956 2865 1183 2925 sententiarum
1207 2883 1278 2926 cou-

125 2967 273 3029 aiuuitati
298 2970 359 3031 hoc
388 2969 522 3028 dandum
546 2974 613 3037 est,
644 2973 677 3027 ut
709 2969 789 3044 parti
813 2967 877 3028 illi:
913 2984 989 3042 qua
1017 2968 1179 3028 violens
1211 2968 1277 3028 ob-

125 3072 283 3146 strepit
297 3071 448 3132 Aufida
459 3082 501 3131 s⁴‘
526 3070 654 3132 mutatis
668 3069 740 3130 istis
756 3071 871 3140 verbis,
889 3085 970 3146 quae
983 3069 1110 3130 codices
1126 3071 1279 3145 praebent
1304 3057 1308 3064 “

125 3174 312 3250 regnavit,
336 3181 526 3251 regnator,
549 3175 630 3234 haec
654 3171 855 3244 subjiciatur:
887 3179 918 3232 et
942 3190 1003 3248 qua
1024 3173 1148 3234 Daunia
1172 3189 1279 3244 „sem-

125 3291 247 3350 per-
271 3276 413 3337 laborant
442 3294 517 3338 arva
549 3275 632 3336 siti“
671 3275 814 3352 (Corippi
852 3277 937 3336 enirn
974 3275 1066 3336 libuit
1095 3275 1203 3336 verbis
1232 3275 1279 3335 uti

125 3379 238 3439 lustin.
261 3378 296 3438 V.
322 3380 396 3457 272)
420 3380 458 3439 ol.
480 3379 593 3439 Avien.
617 3380 653 3438 D.
678 3379 711 3437 Ο.
736 3377 813 3438 229;

255 3479 298 3540 Et
321 3497 397 3555 qua
419 3497 571 3558 pauper
593 3495 721 3556 aquae
743 3477 898 3555 Daunia,
926 3481 1153 3556 agrestium
1279 3531 1282 3536 .

256 3583 426 3660 Regum,
450 3586 528 3659 aret,
549 3583 801 3660 populorum.

123 3686 173 3747 De
194 3686 313 3756 altera,
344 3704 436 3762 quam
459 3685 610 3755 lecimus,
640 3685 814 3746 mutatione
845 3684 923 3745 satis
954 3692 1002 3746 est
1031 3684 1170 3758 adjicere
1195 3688 1279 3763 apud

124 3777 300 3848 Martialem
326 3788 374 3848 tv.
398 3792 448 3860 29,
472 3790 490 3849 8
521 3804 609 3852 esse:
640 3789 722 3849 levis
751 3788 785 3848 in
815 3793 883 3850 tota
910 3789 1042 3850 Marsus
1075 3789 1281 3860 Amazonide,

126 3891 211 3966 apud
227 3891 394 3954 Nestorem
408 3892 524 3955 Vocab.
548 3909 577 3968 p.
592 3891 712 3952 LXXVI
729 3907 811 3970 vers.
827 3890 960 3952 Marsis.
1003 3892 1143 3953 Danais
1163 3899 1279 3962 autem,

112 3999 159 4053 -ut
188 3994 360 4054 Daunias
390 4010 430 4055 eo
460 3995 549 4065 loeo,
586 4009 680 4070 quem
709 3994 801 4055 modo
825 3994 904 4054 XLV
932 4010 963 4068 p.
989 3993 1028 4052 88
1059 3989 1279 4064 indicavimus,

125 4097 246 4168 Δαυνίς
266 4097 377 4158 Aread.
402 4117 433 4174 p.
449 4099 498 4168 32,
524 4098 572 4166 16.
608 4098 662 4180 τῆς
682 4096 872 4167 Δαυνίτιδος
892 4090 999 4177 χώρας
1020 4095 1138 4170 seylae.
1162 4096 1282 4174 Peripl.

125 4217 152 4276 p.
170 4198 207 4259 11
234 4198 327 4261 Grau.
345 4217 471 4260 —uam
496 4199 626 4261 silentio
646 4196 825 4261 transmitto
841 4198 988 4266 Jeveruur
1011 4198 1044 4258 in
1058 4199 1175 4259 Lucani
1197 4217 1279 4260 com-
1298 4195 1300 4198 ’

125 4300 290 4367 meutariis
306 4302 498 4364 Dauniam
522 4300 712 4380 oppidum
730 4305 937 4362 commentum
953 4317 1011 4375 -3
1036 4302 1282 4377 populorum
