3026 4988
699 343 744 411 87

137 513 161 574 l.
184 515 224 574 21
252 531 282 590 p.
299 511 355 574 ³9:
379 512 517 588 Corripit
540 514 652 576 tluctus
676 521 709 575 et
730 521 905 591 utroque
927 517 1090 580 Rhenus
1114 519 1295 598 Margine

137 615 306 677 servit“
329 615 368 676 ci.
390 615 447 678 Sil.
472 615 520 677 lll.
547 618 620 679 leo:
644 617 748 680 Tibris
771 617 831 680 tibi
853 619 1012 681 serviat
1034 621 1167 683 omnis.“

663 854 772 952 xlv.

226 1042 428 1106 incredibilia
450 1050 554 1105 narrat
576 1047 727 1108 Lchrsius
749 1062 780 1121 p.
794 1047 958 1120 cxxxiii,
989 1068 1082 1125 quum
1106 1053 1198 1114 istum
1222 1069 1292 1114 sen-

135 1145 260 1206 tentiae
285 1144 561 1216 extenuationem,
585 1163 678 1222 quam
700 1149 797 1210 habet
822 1167 884 1212 vox
907 1168 1052 1228 prope,
1083 1153 1210 1216 omnino
1239 1156 1292 1215 de-

134 1247 322 1309 trahendam
346 1262 420 1307 esse
444 1263 594 1309 assensus
617 1251 691 1310 aliis
716 1267 826 1311 versus
854 1251 902 1310 tv.
928 1255 976 1323 14,
1001 1255 1039 1316 20
1064 1273 1128 1331 sq.:

460 1348 679 1411 indomitas
703 1369 828 1429 prope
852 1354 986 1428 qualis
1008 1356 1133 1418 undas

329 1450 505 1511 Exercet
534 1454 681 1513 Auster
711 1453 915 1516 Pleiadum
948 1457 1073 1518 choro

329 1551 552 1613 Scindente
575 1556 718 1625 nubes,
746 1555 925 1634 impiger
947 1559 1126 1620 hostium

391 1653 551 1716 Vexare
573 1662 722 1717 turmas

133 1756 307 1816 arhetore
335 1756 443 1843 aliquo
471 1757 517 1818 ait
544 1757 645 1818 iactos
674 1774 765 1830 esse,
802 1779 865 1821 nou
896 1762 935 1821 ab
965 1760 1105 1823 Horatio.
1159 1763 1222 1824 Sed
1251 1782 1291 1826 ne

134 1855 207 1927 ejus
230 1856 376 1932 quidem,
405 1856 461 1933 qui
488 1873 636 1935 graecum
665 1859 743 1921 illud
766 1861 881 1942 σχέδον
902 1884 932 1923 τι
961 1862 993 1922 in
1022 1867 1291 1940 comparationem

133 1957 268 2020 adduxit
299 1961 378 2019 Actt.
409 1958 566 2020 Muetzell.
603 1961 643 2021 ad
680 1979 784 2039 gymn.
815 1962 927 2040 pertin.
961 1965 1037 2025 tell
1073 1983 1103 2041 p.
1125 1966 1186 2028 329
1223 1969 1289 2050 (cu

130 2060 189 2132 jus
207 2059 352 2121 doctrina
379 2062 426 2122 uti
456 2062 580 2122 videtur
609 2063 780 2148 Orellins),
809 2065 951 2126 rationes
982 2066 1152 2143 quidquam
1183 2071 1289 2131 valent

133 2181 196 2225 nec
218 2163 399 2227 Meinelrius
420 2165 518 2226 allato
542 2166 603 2225 hoc
625 2167 791 2238 carminis,
826 2169 912 2243 qnod
934 2169 975 2231 de
997 2171 1136 2232 Moribus
1159 2173 1290 2250 scripsit

133 2268 213 2331 Cato
239 2262 334 2345 (Gell.
351 2266 400 2327 lll.
425 2264 476 2350 2),
499 2267 588 2328 loco:
610 2268 678 2329 vita
698 2269 835 2330 humana
855 2286 982 2347 prope
1003 2274 1051 2333 uti
1074 2274 1190 2334 terrum
1213 2281 1288 2336 est“

133 2367 238 2441 majus
261 2367 473 2440 arbumeutum
496 2385 629 2431 caussae
652 2371 838 2447 propositae
864 2371 1040 2446 quaesivit,
1065 2377 1200 2451 quamsi
1216 2377 1288 2453 quis

132 2475 300 2547 expromat
336 2472 434 2531 verba
464 2471 526 2532 Sat.
550 2470 586 2531 ll.
611 2473 640 2542 3,
664 2473 741 2533 268:
777 2475 1124 2552 hoec-tempestatis
1158 2495 1289 2554 prope

131 2574 198 2634 ritu
210 2571 341 2634 Mobilis
364 2579 395 2632 et
418 2588 514 2634 caeca
537 2574 693 2637 lluitantia
715 2581 833 2635 sorte.“
873 2575 1024 2637 Nimirum
1048 2593 1168 2648 ornnes,
1193 2595 1288 2654 quum

131 2675 230 2752 longe
260 2674 318 2734 alii
347 2675 432 2751 parti
461 2673 686 2737 intendendum
715 2683 821 2744 esset,
852 2679 1095 2752 quaesiverunt,
1125 2685 1159 2739 ut
1190 2678 1287 2750 ajunt,

130 2776 248 2838 nodum
272 2776 304 2836 iu
327 2776 443 2852 scirpo.
488 2775 566 2848 Quis
590 2776 673 2839 enim
698 2777 824 2855 ignorat
845 2779 891 2840 ita
911 2780 1026 2841 tulisse
1050 2786 1192 2841 veterum
1210 2796 1286 2854 poe-

129 2885 233 2940 tarum
262 2893 399 2948 morem,
427 2885 461 2940 ut
490 2879 530 2940 ad
559 2879 797 2956 exprimendam
823 2882 920 2943 maris
949 2883 989 2943 ab
1019 2884 1135 2944 Austro
1169 2885 1287 2945 turbati

130 2980 303 3058 imaginem
331 2979 546 3043 adsciscerent
574 2983 744 3054 Adriacas,
781 2981 923 3054 Siculas,
959 2984 1092 3055 Icarius,
1129 2987 1286 3063 Aegaeas,

129 3082 240 3145 tonius
262 3082 372 3161 (Epod.
395 3083 444 3144 lll.
470 3083 525 3165 tu)
547 3084 665 3156 undas,
695 3085 835 3161 denique
865 3084 1027 3161 proprium
1057 3087 1164 3162 potius
1188 3088 1285 3163 qnod-

129 3187 210 3248 libet
233 3200 347 3246 nomen
369 3191 573 3263 usurparent,
604 3203 697 3262 quam
726 3187 805 3248 illud
834 3183 1080 3250 indomitas?
1133 3188 1222 3261 Quod
1246 3205 1286 3251 ex

130 3289 203 3366 ipsa
232 3287 292 3348 hac
320 3303 434 3349 caussa
461 3288 517 3349 vix
546 3295 596 3349 est
625 3288 753 3352 dubium
784 3290 860 3367 quin
896 3305 936 3352 ex
966 3289 1074 3351 Ovidii
1102 3290 1285 3367 Tibullique

130 3389 322 3451 carminibus
350 3390 412 3450 huc
445 3391 629 3453 translatum
666 3391 709 3452 sit
747 3407 787 3453 eo
822 3392 942 3453 fraudis
979 3408 1116 3469 genere,
1153 3410 1215 3469 quo
1253 3399 1285 3454 et

128 3492 328 3553 Ibericum
350 3507 435 3553 mare
458 3493 542 3570 apud
564 3493 728 3554 Horatium
750 3495 844 3555 modo
867 3491 977 3578 (XLll)
1000 3493 1138 3555 vidimus
1170 3495 1285 3556 iactum

130 3608 205 3653 esse
226 3594 428 3656 turbidum
457 3601 490 3655 et
512 3596 596 3672 apud
619 3596 752 3657 Statium
775 3598 872 3658 Theb.
896 3597 931 3656 V.
957 3598 996 3658 ³8
1026 3598 1058 3657 in
1080 3596 1171 3657 Fabri
1202 3596 1283 3657 libro

127 3695 288 3757 Edonas
317 3694 471 3782 (hiemes)
501 3697 597 3758 vertit
626 3697 658 3758 in
688 3699 911 3770 edomitas,
941 3699 1024 3774 apud
1053 3699 1209 3759 Catullum
1231 3699 1281 3768 tt,

130 3799 191 3859 ΠΒ
215 3797 453 3859 idomeneus
478 3796 629 3884 (montes)
662 3800 695 3862 in
718 3801 799 3862 libro
823 3803 898 3864 Dati
920 3803 952 3862 in
977 3801 1170 3870 idoneos,
1200 3800 1283 3876 apud

128 3899 277 3962 Ovidium
300 3899 392 3960 Trist.
416 3899 466 3960 lll.
480 3900 509 3972 l,
524 3902 581 3972 22,
605 3903 633 3964 si
656 3919 732 3965 vere
753 3902 908 3975 judicavit
930 3901 1104 3974 Bentlejus,
1127 3901 1283 3962 icarias

127 4002 161 4063 in
185 4001 418 4076 immensam
454 4005 599 4066 consulto
629 4005 714 4066 enim
742 4011 910 4084 praetereo
941 4003 1026 4066 istud
1055 4001 1283 4074 Martialis,

128 4103 215 4182 quod
230 4105 328 4164 Carm.
342 4103 363 4162 Ι.
377 4105 430 4175 22,
447 4104 484 4166 13
508 4107 547 4168 ab
560 4105 781 4169 lleimsoetlrio
797 4122 873 4167 vere
899 4107 1048 4167 inlocum
1063 4088 1151 4164 vocis
1174 4103 1282 4164 mili-

127 4205 232 4269 taris
256 4205 422 4266 sancctum
444 4223 519 4292 esse
546 4209 647 4270 credit
668 4208 911 4285 lleynemannns
940 4207 981 4268 de
1003 4207 1152 4280 interpol.
1175 4222 1205 4281 p.
1230 4208 1279 4269 st.

125 4307 276 4390 Placetne
299 4306 397 4387 igitur
420 4308 467 4371 sio
490 4311 602 4373 statui:
634 4313 781 4376 Austrum
809 4309 909 4372 undas
939 4325 1040 4390 prope
1063 4304 1205 4373 ionias
1235 4310 1305 4374 iu-·
