3030 4984
680 339 743 410 stt

133 516 246 578 ltomil.
262 517 318 576 tt
344 534 373 591 p.
389 516 439 576 st.
460 515 556 590 Wytt.
580 515 657 575 Plut.
672 512 701 572 S.
715 514 749 573 N.
769 515 801 572 V.
826 532 854 590 p.
873 517 941 577 tao.
986 515 1083 586 Quam
1106 515 1170 576 late
1185 524 1290 580 autem

132 625 241 696 pateat
275 620 336 679 boc
359 617 511 694 loquendi
540 633 641 695 genus
665 618 790 677 ductum
814 635 832 678 a
855 620 945 680 clavo
969 618 1082 679 trabali
1106 618 1176 703 (qui
1199 637 1289 697 pere-

131 722 278 797 leganter
299 719 491 781 Necessitati
522 720 628 781 omnia
650 720 785 780 firmanti
816 727 848 780 et
871 721 1022 780 retinenti
1044 721 1142 782 tribui
1165 722 1290 784 videtur

131 824 263 883 Brossio
277 823 421 884 Cassiod.
433 823 504 883 Var.
520 823 568 882 Ν.
589 823 626 882 13
653 840 681 897 p.
697 823 746 881 m.
771 821 820 905 a),
845 828 877 881 et
892 823 917 882 ii
932 822 996 883 loci
1015 822 1185 895 declarant,
1209 842 1289 900 quos

132 925 267 1002 couegu
295 924 563 985 urracaememus
595 944 624 1001 p.
650 925 708 984 321
742 925 860 985 omisso
893 924 1180 986 asarenam
1210 911 1288 1009 (aa),

133 1029 188 1102 qui
220 1046 282 1087 non
306 1029 430 1104 fugerat
452 1028 608 1102 Begerum
632 1028 724 1086 Thes.
755 1028 864 1088 Brand.
884 1026 918 1086 ll.
948 1046 977 1103 p.
996 1031 1055 1089 mr
1079 1046 1142 1103 sp,
1173 1037 1205 1090 et
1236 1032 1290 1091 illa

132 1131 274 1191 Platonis
312 1129 471 1189 sententie
506 1129 694 1190 documento
732 1135 797 1188 est:
834 1125 948 1206 ἑκάστη
985 1123 1078 1207 itari
1113 1137 1167 1196 καὶ
1201 1131 1293 1215 λύπη,

133 1231 243 1314 ὥσπερ
266 1220 344 1313 ἧλον
365 1227 485 1312 ἔχουσα
506 1233 666 1311 acceptor
684 1224 780 1312 αὕτήν
804 1227 873 1313 (τὴν
894 1229 1009 1316 ψυχὴν)
1034 1229 1116 1313 πρὸς
1138 1230 1173 1296 td
1200 1241 1292 1320 σῶμα

133 1341 188 1402 καὶ
218 1334 420 1417 apompeus?
448 1333 562 1393 Phaed.
587 1353 615 1410 p.
632 1335 681 1395 83.
712 1335 749 1394 D.
771 1333 888 1422 Fabric.
920 1334 1006 1395 Sext.
1036 1335 1152 1411 Empir.
1184 1340 1291 1417 Pyrrh,

132 1441 215 1517 liyp.
231 1438 281 1498 Ill.
300 1438 358 1498 195
382 1454 413 1512 p.
432 1437 500 1497 lta.
523 1437 618 1512 Wptt.
642 1437 718 1497 Plat.
734 1436 849 1497 Phaed.
874 1455 903 1510 p.
923 1437 992 1497 123.
1029 1437 1087 1497 Cui
1110 1444 1289 1505 sententiae

133 1543 216 1604 nihil
239 1538 418 1612 adjunctius
442 1546 490 1599 est
514 1539 569 1600 illo
595 1538 735 1609 ejusdem
759 1537 898 1598 Platonis
921 1539 1024 1610 dioto,
1049 1542 1133 1615 quod
1156 1543 1186 1604 in
1209 1546 1292 1607 hunc

133 1645 260 1705 modum
295 1642 404 1702 retulit
435 1641 557 1701 Gellius
589 1641 688 1701 Noctt.
720 1643 780 1701 att.
797 1640 877 1700 Vtt
921 1643 958 1700 ct.
981 1643 1118 1704 Lactant.
1155 1646 1291 1723 Epitom.

133 1743 242 1802 xxix.
266 1746 300 1802 9:
338 1741 450 1802 Itidem
474 1749 545 1803 sunt
567 1744 652 1802 bona
675 1749 706 1801 et
729 1742 827 1811 mela,
857 1743 998 1804 felicitas
1023 1750 1053 1804 et
1077 1745 1293 1821 infortunitas,

134 1846 283 1905 doloret
307 1845 463 1919 voluptas.
515 1844 656 1904 Altemm
680 1844 763 1904 enim
788 1861 829 1905 ex
852 1846 970 1916 altero,
1001 1847 1104 1908 sicuti
1119 1849 1207 1912 Plato
1237 1855 1292 1924 ait,

136 1947 369 2007 verticibus
386 1947 521 2006 interse
544 1947 767 2007 contrariis
790 1946 963 2024 deligatum
981 1955 1047 2008 est:
1071 1954 1292 2016 sustuleris

135 2067 266 2118 unum,
290 2049 520 2130 abstuleris
536 2056 776 2121 utrumque“
800 2046 897 2132 (trude
911 2050 1047 2110 sortasse
1061 2054 1138 2123 erit,
1162 2056 1216 2129 qui
1231 2058 1293 2118 hoc

137 2166 317 2228 proponere
354 2151 385 2211 in
416 2152 552 2210 animum
581 2151 724 2211 inducat:
764 2151 982 2212 adamantinos
1021 2154 1133 2215 Binis
1163 2160 1293 2219 verti-

136 2255 251 2314 cibus
275 2287 316 2297 -
339 2251 509 2335 clavos“),
538 2253 721 2313 Plutarchus
746 2260 850 2314 autem
866 2254 906 2313 de
921 2254 991 2315 Del.
1008 2256 1094 2316 Orac.
1108 2257 1147 2320 29
1172 2277 1201 2335 p.
1216 2262 1293 2323 349:

137 2348 211 2418 ἄλλ’
226 2353 338 2436 ὥσπερ
353 2346 518 2437 ἇγάλματα
532 2357 809 2436 προςηλοῐται
828 2359 880 2417 καὶ
897 2351 1133 2432 συντήκεται
1151 2356 1295 2441 βάσεσιν,

139 2457 241 2532 οὕτως
270 2456 544 2541 ἐγκεκλεισμένους
572 2456 617 2531 εἷς
646 2455 682 2520 τὸ
707 2455 890 2540 σωματικὸν
912 2462 965 2522 καὶ
988 2482 1295 2549 σνγκαναγεγομφω·

136 2564 252 2644 μένους
274 2563 320 2622 sic
342 2563 524 2639 usurpavit,
559 2568 593 2622 ut
616 2563 647 2622 in
673 2577 781 2623 eorum
811 2561 1000 2639 scriptorum
1018 2580 1184 2627 ,numerum
1208 2577 1294 2630 recte

138 2666 277 2727 adscribi
314 2665 474 2735 videatur,
511 2683 642 2741 quorum
680 2665 836 2742 excrnplis
874 2665 1143 2727 Mitsctrerlicbius
1177 2687 1206 2746 p.
1233 2671 1292 2732 322

140 2769 311 2829 illustravit
340 2769 533 2829 ruentionem
563 2768 714 2844 liquidi
748 2768 899 2845 plumbi
928 2769 967 2828 ab
990 2768 1122 2830 Horatio
1145 2770 1257 2834 factam
1273 2774 1294 2833 l.

140 2876 192 2944 35,
216 2874 268 2944 20,
298 2873 338 2932 de
368 2889 431 2947 quo
462 2873 533 2932 loco
564 2873 659 2948 longe
689 2871 782 2933 aliter
812 2871 908 2931 sentit
930 2871 1083 2931 Lehrsius
1111 2885 1141 2949 p.
1164 2874 1294 2936 LXVlil.

139 2977 207 3047 Quo
231 2983 335 3036 autem
364 2975 458 3035 simut
487 2975 535 3034 illi
559 2973 751 3035 dubitationi
780 2972 975 3044 intendatur,
1007 2990 1100 3048 quam·
1123 2977 1294 3038 tollendam

139 3080 204 3139 sibi
223 3078 337 3138 Axtius
361 3077 485 3153 putavit
509 3078 567 3136 bac
590 3083 673 3137 arte:
704 3074 737 3136 Si
762 3076 920 3136 summis
944 3077 1162 3138 adamantinos
1184 3079 1295 3158 Figit

139 3180 337 3241 vorticibus“
364 3180 401 3240 ci.
421 3180 530 3240 Lehrs.
554 3195 584 3254 p.
597 3179 731 3239 CXXIII:
755 3180 905 3241 librorum
929 3179 1174 3256 discrepantiam
1196 3181 1296 3260 figit,

139 3285 233 3361 figet
270 3281 408 3359 (Schot,
444 3282 483 3341 de
499 3300 576 3357 equo
608 3284 768 3344 licitarum
798 3288 914 3341 testem
943 3282 987 3341 ait
1018 3298 1091 3342 csse
1119 3270 1296 3370 Lchrsius),'

140 3388 229 3464 tigal
268 3381 434 3466 (Vaadcrb.
466 3384 555 3444 codd.
584 3383 617 3465 2)
653 3400 772 3444 ruemor
807 3383 933 3442 Heinsii
974 3382 1063 3442 Ouid.
1091 3385 1214 3454 Fasti.
1237 3388 1297 3451 109
1327 3397 1331 3403 '

140 3509 171 3566 p.
189 3488 227 3548 12
253 3494 284 3547 et
299 3487 487 3548 Lachmanni
504 3490 623 3548 Lucret.
641 3486 690 3546 ill.
710 3486 789 3546 1042
814 3503 844 3560 p.
862 3485 922 3545 209
944 3483 1081 3543 tortasse
1096 3503 1158 3545 non
1175 3493 1295 3548 temere

141 3596 329 3649 convertere
352 3589 465 3650 videor
488 3588 520 3649 in
544 3591 625 3650 banc
649 3588 918 3648 emendationem:
943 3587 972 3646 si
995 3586 1118 3647 lixum
1139 3585 1184 3645 it:

313 3692 354 3752 Si
377 3693 463 3754 tisun
486 3692 511 3754 tt
532 3690 820 3752 adamantinos

370 3795 538 3855 Summis
562 3793 762 3877 particibus
785 3794 871 3854 dira
891 3793 1133 3853 Necessitas

316 3898 468 3957 Clavus.

142 4004 211 4075 Qua
234 4001 345 4061 eadem
369 3999 492 4060 ratione
509 3999 687 4076 Gorippo
711 4000 756 4058 to.
772 3997 793 4056 I.
810 3999 885 4059 tta:
908 3989 1297 4073 tupiter-monebat·-

143 4102 284 4180 Cuspide
316 4120 378 4178 qrra
407 4103 532 4162 Mavors
561 4103 730 4162 transfixos
761 4100 905 4160 funderet
936 4106 1022 4159 artus
1048 4100 1297 4162 —Arcitenens

144 4206 263 4266 crebris
288 4205 360 4280 quis
383 4206 481 4265 terret
504 4205 568 4265 iata
591 4203 717 4282 sagittis
742 4203 891 4276 Quosque
914 4201 996 4261 levis
1015 4207 1098 4261 torto
1123 4202 1299 4263 fixisset

143 4307 240 4370 Delia
263 4308 357 4367 teto“
381 4306 572 4368 reddendum
596 4322 669 4365 esse
692 4306 754 4364 boc
777 4319 909 4362 censeo:
934 4303 1059 4363 fixum
1082 4303 1173 4364 iret.

1095 4400 1203 4468 10²⁶*
