3026 4988
248 547 380 610 autern·
400 535 485 616 quod
507 552 564 612 pro
598 533 831 597 horninibus
866 533 984 596 dietum
1012 534 1141 610 probari
1169 552 1269 611 posse
1297 533 1396 598 Peerl-

248 641 395 718 lampius
424 637 571 717 negavit,
601 642 636 698 ut
658 636 756 699 Lucil.
781 636 831 696 Ill.
857 637 874 697 3
899 654 928 713 p.
943 636 988 714 ee
1008 635 1121 698 Dous.:
1156 635 1232 699 Inde
1255 637 1398 700 Dicae-

248 743 411 804 archum
423 737 560 819 populos
571 739 749 815 Delumque
760 737 943 800 minorem“
962 733 1398 820 (LachmDieaearohiurn.

177 825 180 832 ⁴
247 845 338 907 Auel.
360 843 452 919 Prop.
475 842 496 902 l.
526 843 592 919 p.8
620 837 930 924 Diearehitum).
983 840 1057 902 Seu.
1087 817 1180 904 liores
1206 843 1275 902 Oet.
1302 843 1399 903 1811:

120 980 126 1034 3
247 945 443 1010 Arcadum
465 961 505 1006 an
528 943 706 1022 populos
722 938 852 1020 petam?
880 943 977 1003 retr:
1000 943 1150 1006 Thracias
1168 950 1400 1021 gentespetaru

248 1046 440 1124 Hebrique
469 1047 658 1124 populos.
702 1047 815 1106 Lucan.
838 1043 916 1106 vlll.
949 1044 1025 1106 tlt:
1067 1047 1115 1107 Da
1144 1045 1267 1107 similes
1296 1047 1398 1109 Lesbo

245 1149 460 1228 populos.“
504 1146 659 1209 SillllV.
686 1147 762 1207 let:
798 1147 1019 1208 Poenorum
1049 1149 1224 1224 populis.
1262 1146 1299 1207 ll.
1324 1151 1398 1210 272:
1488 1129 1490 1156 ¹

248 1251 455 1314 Ausoniae
486 1249 639 1327 populi.
684 1251 803 1309 Auson.
832 1248 910 1310 Mos.
942 1249 1019 1311 llll:
1065 1250 1207 1319 ltalum
1246 1251 1398 1329 populi.

250 1353 362 1414 Avien.
384 1353 420 1414 D.
444 1351 478 1412 0.
504 1352 560 1413 ll'l
594 1350 880 1412 Aeneadarum.
925 1351 1033 1414 Sidon.
1056 1351 1398 1430 Apolliu.Ep.Vl.12

248 1454 539 1532 Dodonigenas
570 1453 757 1530 populos.
792 1453 919 1531 Coripp.
943 1454 989 1515 lo.
1012 1453 1111 1540 Praei.
1134 1455 1192 1515 26:
1226 1453 1322 1514 Urbis
1345 1472 1399 1532 per
1432 1471 1434 1476 ’

249 1556 424 1634 populos
447 1555 484 1616 cl.
507 1553 580 1616 Sen.
601 1547 694 1616 llere.
717 1556 785 1616 Oet.
809 1556 887 1617 out:
911 1570 1003 1616 omne
1026 1560 1081 1617 tua
1102 1557 1248 1634 vulgus
1273 1557 1307 1617 in
1329 1558 1399 1619 aula

249 1691 292 1704 -
313 1659 383 1720 Tot
412 1657 578 1735 populis
609 1656 745 1734 stipatus
774 1667 860 1719 eas.“
883 1693 887 1702 ·
910 1657 1022 1719 Mirum
1044 1664 1149 1719 autem
1171 1675 1189 1719 a
1212 1657 1397 1730 Schradero
1489 1681 1491 1728 t

250 1759 306 1838 qui
335 1759 375 1820 de
404 1759 521 1837 Apulia
551 1757 718 1821 siticulosa
747 1759 829 1821 dixit
861 1760 893 1821 in
916 1759 1029 1822 Avien.
1051 1762 1088 1823 D.
1113 1762 1146 1820 0.
1172 1761 1232 1822 526
1256 1778 1287 1837 p.
1308 1762 1397 1834 tuot,

249 1861 332 1922 hune
355 1861 458 1938 ipsum
480 1860 604 1922 Horatii
627 1862 731 1923 loeum
753 1861 905 1922 omissum
929 1877 1011 1924 esse.
1044 1863 1120 1924 Nam
1142 1863 1398 1940 Heynemannum

250 1961 380 2025 silentio
408 1961 605 2034 transmitto,
634 1963 689 2039 qui
718 1964 758 2024 de
787 1965 936 2041 lnterpol.
960 1983 990 2042 p.
1008 1965 1048 2026 32
1063 1982 1109 2041 sq.
1139 1966 1236 2027 inulta
1266 1966 1397 2042 nequid-

250 2082 343 2143 quam
364 2071 598 2145 argumentatus
622 2072 671 2128 est
694 2082 735 2127 ne
757 2066 845 2128 illius
875 2067 1003 2143 quidem
1025 2083 1138 2129 versus
1166 2083 1301 2129 mernor:
1330 2068 1397 2131 Na·

232 2183 348 2229 -sone
370 2167 534 2246 Peligni
556 2175 732 2231 sonant.“
762 2169 810 2232 De
832 2169 971 2245 Hauptio
994 2169 1062 2232 dixi
1084 2170 1167 2230 xxx
1188 2188 1220 2247 p.
1232 2172 1282 2232 ³4.

336 2407 424 2470 Libet
453 2408 532 2469 illud
561 2409 763 2477 subnectere.
793 2408 878 2486 quod
905 2408 959 2469 hio
988 2410 1124 2472 occurrit
1147 2410 1239 2486 quasi
1267 2411 1397 2472 altemm

249 2509 504 2588 supplementum
534 2525 659 2582 eorum,
688 2527 770 2590 quae
799 2512 1005 2588 exposuimus
1033 2513 1121 2575 XLV.
1175 2511 1286 2589 Neque
1316 2513 1397 2573 enim

249 2613 289 2674 ab
318 2612 384 2674 illis
415 2613 588 2687 exemplis,
624 2613 738 2690 quibus
773 2614 941 2675 eonsilium
978 2615 1200 2676 indomitas
1236 2614 1338 2676 undas
1366 2614 1396 2674 in

249 2713 489 2777 Sithonidas
512 2715 719 2804 convertendi
742 2717 877 2793 probare
900 2718 1004 2778 visum
1027 2722 1093 2787 est,
1123 2732 1273 2794 separare
1304 2717 1395 2776 debe·

249 2833 319 2878 mus
341 2817 524 2878 memoriam
548 2832 659 2878 versus
681 2817 731 2878 lll.
754 2819 807 2889 25,
830 2821 864 2881 9:
1358 2825 1363 2830 '

844 2953 926 3016 Non
950 2969 1069 3016 secus
1093 2952 1131 3015 in
1152 2953 1264 3032 jugis

379 3055 526 3122 insonis
547 3061 685 3131 stupet
706 3055 827 3118 Euros

419 3156 586 3220 Hebrum
608 3157 877 3236 prospiciens
900 3163 941 3220 et
961 3158 1058 3219 nive
1081 3157 1291 3221 candidam

376 3261 557 3322 Thracen
579 3278 624 3321 ao
646 3260 748 3337 pede
771 3262 939 3323 barbaro

420 3363 644 3425 Lustratum
667 3361 888 3440 Rhodopen

217 3533 218 3538 κ
250 3497 435 3572 aBentlejo
459 3499 506 3560 sio
529 3502 680 3563 oorreeti:
701 3500 854 3563 Edonis
877 3503 983 3576 stupet
1004 3497 1133 3561 Euius.‘⁴
1171 3497 1261 3571 Quod
1283 3515 1395 3560 nornen

250 3615 292 3662 ex
314 3598 421 3662 Ovidii
443 3600 535 3665 Trist.
559 3599 609 3664 lv.
635 3604 662 3674 l,
687 3602 726 3662 te
756 3602 819 3663 hue
842 3615 917 3662 vere
939 3602 1123 3662 translatum
1152 3615 1225 3662 esse
1255 3600 1395 3677 quamvis

248 3701 417 3764 multorum
439 3717 614 3766 consensus
633 3702 842 3777 judicaverit,
865 3702 1002 3764 dubitari
1024 3708 1129 3764 tamen
1154 3703 1278 3764 videtur
1300 3717 1394 3781 posse

249 3821 288 3868 an
311 3803 397 3866 aliud
420 3806 518 3867 lateat
540 3812 573 3868 et
595 3806 634 3868 ad
657 3806 798 3867 looorum
819 3805 1067 3882 descriptionem
1090 3805 1196 3880 aptius
1212 3810 1244 3864 et
1262 3805 1303 3866 ud
1315 3805 1394 3867 litte

250 3925 352 3971 rarum
381 3906 477 3970 fidem
506 3925 568 3970 non
598 3908 701 3970 minus
729 3906 902 3983 probabile.
955 3908 1021 3970 Hoo
1045 3907 1135 3976 ,enim
1164 3907 1303 3985 proclivi
1326 3924 1394 3969 oon·

246 4008 371 4082 lecture
392 4011 554 4090 colligitur
576 4027 634 4087 pro
656 4025 713 4081 eo,
744 4009 829 4088 quod
851 4010 1032 4089 consignari
1055 4015 1314 4087 coeptumesset
1336 4027 1394 4070 so-

249 4113 355 4186 neis,
391 4113 543 4176 somnis
580 4113 745 4189 erupisse,
771 4103 859 4174 'inde
892 4130 951 4191 pro
984 4111 1085 4191 jugis
1121 4113 1266 4175 soueis
1299 4109 1394 4189 jugis

250 4213 422 4278 isomnis
458 4217 529 4278 sive
561 4213 661 4293 iugis
698 4215 876 4277 exomnis
912 4212 976 4297 (sio
1005 4216 1087 4276 enim
1117 4214 1201 4292 apud
1229 4213 1394 4292 Virgilium

250 4318 326 4382 Aen.
359 4317 405 4382 Vl.
437 4319 497 4383 tid
535 4317 688 4380 variatum
731 4319 899 4381 scribendo
937 4319 986 4376 est
1033 4315 1249 4380 exsomnis.
1287 4316 1394 4376 Venet.
