3030 4984
777 353 844 428 tta

232 531 326 592 tanda
348 539 497 608 negat⁴‘
529 528 722 592 reddendum
754 543 827 590 esse
857 531 1038 590 censuimus
1067 527 1143 590 Stat.
1170 531 1309 604 Conjoot.
1331 532 1382 592 xx

233 651 262 710 p.
276 635 338 695 tta
360 635 434 695 freti
453 634 554 722 Ennio
572 634 651 693 Anu.
666 633 725 692 tlt
743 649 772 708 p.
788 634 844 693 ib:
868 633 1039 693 Vulcanum
1053 639 1167 694 ventus
1182 636 1382 711 vegebat“
1500 667 1501 672 κ

233 745 265 799 at
287 739 406 799 (lomb
429 757 460 816 p.
476 739 552 800 153:
575 752 779 812 aequora-
801 750 924 812 vegas
948 734 1131 812 ingentibus
1155 738 1295 798 ventis.“

314 943 425 1019 Neque
448 942 542 1004 aliter
565 940 766 1001 sentiendum
790 947 840 1000 ast
863 939 903 1000 de
925 955 1021 1001 versu
1048 940 1101 1001 ta:
1188 979 1190 982 -

403 1043 565 1104 Arbiter
588 1057 751 1118 pugnae
774 1041 970 1118 posuisse
991 1041 1094 1103 nudo

549 1143 753 1219 Sub'pede
777 1143 945 1220 palmam

402 1248 500 1309 herbar
524 1252 561 1305 et
584 1245 669 1306 leni
693 1260 886 1306 recreare
909 1251 1030 1306 vento

401 1346 584 1423 Sparsum
609 1347 793 1407 odoratis
815 1347 1016 1407 humerum
1039 1347 1222 1422 capillis.

231 1452 330 1524 Quem
359 1451 547 1528 longissime
576 1451 615 1510 ab
645 1466 752 1511 eorum
782 1451 922 1510 locorum
959 1449 1168 1510 similitudine
1199 1449 1385 1522 sejunctum,

231 1570 311 1630 quos
335 1558 407 1629 post
430 1552 643 1614 Marklandmn
666 1552 984 1628 Peerlkampiumquc
1015 1553 1256 1627 explanavimus
1284 1555 1318 1614 iu
1341 1554 1385 1615 Si-

230 1654 394 1716 nideV.3
426 1673 455 1730 p.
482 1656 541 1714 100
563 1671 625 1729 sq..
660 1672 721 1714 non
751 1663 871 1714 temere
912 1655 1110 1730 suspicamur
1145 1656 1206 1716 hoc
1235 1657 1386 1717 habuisse

153 1788 156 1793 ·
230 1757 402 1818 acuminis:
440 1757 623 1817 decertandi
647 1773 754 1816 amore
776 1757 911 1832 Pyrrhus
942 1763 974 1816 et
1005 1757 1119 1816 leaena
1141 1757 1282 1816 fervent:
1312 1760 1386 1833 quid

228 1861 291 1933 jam
305 1857 488 1924 Nearchus?
510 1859 637 1932 juvenis
662 1860 848 1923 fastidiosus
872 1862 943 1938 ipse
966 1878 1094 1938 quoque
1117 1862 1221 1922 fervet
1241 1864 1386 1924 nimirum

230 1964 364 2028 mirifico
388 1963 494 2025 studio
518 1965 651 2040 palmam
675 1964 812 2039 pedibus
835 1962 978 2024 calcandi
1002 1969 1033 2023 et
1055 1963 1189 2040 capillos
1208 1964 1275 2025 leni
1293 1972 1385 2026 vento

231 2065 410 2127 recreandi:

399 2167 567 2227 Arbiter
597 2182 754 2244 pugnae
783 2166 984 2243 posuisse
1014 2165 1118 2226 nudo

549 2267 623 2330 Sub
646 2268 749 2344 pede
774 2270 940 2346 palmam

397 2371 504 2434 Ferret.

229 2473 401 2533 llervera
424 2480 528 2533 autem
551 2477 638 2532 recte
661 2470 725 2530 dici
750 2486 838 2540 aum,
863 2471 918 2547 qui
941 2473 1074 2549 palmam
1091 2473 1213 2533 calcare
1237 2491 1383 2536 summo

230 2575 368 2635 studio
392 2575 530 2651 cupiat
554 2573 671 2654 (Barth.
685 2573 760 2632 Brit.
779 2573 1028 2650 Philippicis
1054 2592 1082 2650 p.
1097 2573 1164 2658 11),
1191 2576 1383 2637 Claudianus

228 2677 321 2737 docet
351 2677 451 2737 Rufin.
474 2675 509 2735 ll.
535 2676 611 2737 29⁵:
650 2682 874 2752 sceptrumque
904 2663 1123 2750 capessere
1152 2677 1317 2738 tervet“
1354 2687 1383 2738 at

227 2779 261 2838 B.
275 2778 356 2839 Gild.
372 2780 448 2840 350:
476 2775 539 2848 jam
563 2783 675 2854 stagna
698 2792 844 2838 secare
866 2778 1049 2849 Fervet“,
1074 2795 1167 2855 quam
1189 2781 1383 2841 locutionem

229 2879 387 2970 omnibus¹
405 2878 530 2938 vatibus
566 2877 754 2938 familiarem
784 2878 863 2938 dicit
892 2880 1039 2940 Barthius
1069 2881 1088 2938 l.
1111 2881 1139 2940 d.
1175 2881 1244 2941 add.
1276 2882 1381 2944 lleins.
1499 2923 1500 2926 κ

229 2981 389 3042 Claudiam
409 2980 509 3041 Rufio.
526 2981 561 3039 ll.
579 2980 639 3039 433
664 2997 693 3055 p.
712 2979 769 3039 101
802 2981 841 3039 ol.
865 2979 942 3041 Stat.
966 2983 1199 3050 Thebunte:
1230 2985 1381 3061 gliscis
1499 3035 1500 3072 ἐ

229 3097 371 3160 regnare.
405 3081 658 3141 Achilllhiil:
682 3083 789 3143 visere
813 3090 926 3160 gentes
951 3119 989 3128 -
1015 3085 1197 3146 Ardeat.“
1221 3088 1381 3149 Claudian.
1499 3119 1500 3144 r

227 3184 276 3245 lll.
302 3185 333 3244 G.
349 3182 429 3243 llon.
445 3183 503 3242 81:
527 3184 724 3258 stabulisque
747 3185 861 3245 minari
884 3189 1085 3247 Aestuat.“
1130 3189 1219 3248 Licet
1242 3189 1382 3261 adiicere

228 3286 313 3361 quod
336 3284 560 3345 summovimus
584 3287 729 3355 verbum,
759 3289 932 3349 aLehrsio
956 3306 985 3364 p.
1011 3289 1159 3350 CXXXIV
1183 3307 1228 3366 sq.
1260 3292 1382 3352 illatum
1499 3295 1500 3298 ’

229 3403 302 3447 esse
325 3388 357 3447 iu
379 3385 476 3460 Epod.
500 3385 577 3446 XVI.
604 3388 658 3448 15:
890 3452 892 3460 ,

268 3490 350 3552 Sorte
373 3489 466 3563 quid
490 3490 686 3566 expediat
709 3492 973 3551 communiter
995 3500 1063 3553 aut
1087 3495 1239 3555 melior
1262 3515 1359 3572 pars

352 3590 470 3650 Malis
494 3606 635 3651 carere
658 3592 863 3666 quaeritis
888 3595 1105 3655 laboribus

227 3693 258 3751 in
282 3693 364 3753 hunc
386 3692 527 3753 modum:
550 3692 670 3751 Ferte
695 3695 779 3768 quod
802 3696 953 3771 expediat
977 3700 1183 3759 communiter
1198 3705 1251 3759 urit
1267 3703 1380 3763 melior

226 3813 299 3871 pors
327 3794 419 3856 Malis
449 3810 556 3855 carere
586 3811 660 3869 quo
691 3797 795 3857 velit
825 3799 1018 3860 laboribus.“
1078 3800 1144 3871 Quo
1182 3803 1379 3876 probabilius

225 3897 351 3956 videtur
374 3899 434 3958 hoc
462 3913 551 3957 asse:
840 3979 843 3986 ¹

519 4000 601 4062 Sarte
623 4000 718 4075 quid
740 4000 938 4078 expediet?

224 4098 300 4159 Nam
323 4099 511 4176 gravissime
535 4117 553 4161 a
576 4108 673 4178 poeta
696 4121 723 4160 v.
750 4105 786 4164 11
813 4121 858 4179 sq.
895 4114 1045 4167 sortem
1074 4107 1254 4168 ultimam
1277 4126 1380 4172 rerum

226 4197 322 4282 (Cart.
344 4203 458 4263 Lucan.
481 4203 544 4261 Vll.
570 4205 627 4264 122
660 4223 687 4280 p.
708 4206 831 4282 158sq.
863 4207 1075 4269 sttlxaai:
1114 4209 1203 4270 llaud
1231 4229 1380 4287 umquam

226 4302 423 4380 expedies
446 4310 516 4366 tarn
532 4304 609 4367 dura
639 4314 751 4370 sorte
780 4309 969 4397 malorum‘)
1002 4310 1194 4388 descriptam
1224 4312 1380 4376 videmus.
