3026 4988
759 355 824 426 122
888 385 897 426 .-

217 528 420 588 ntmuuom
433 527 536 608 (virg.
550 545 578 603 p.
595 507 680 610 1o'o).
716 528 764 588 ne
781 527 895 602 quibus
911 533 1059 588 auctores
1071 536 1143 588 suot
1155 529 1266 589 niveus
1280 528 1376 588 anri.

219 630 269 700 51,
291 634 323 691 a:
353 629 527 706 Praecipue
557 630 713 690 convertit
742 645 852 690 omnes
882 632 1056 691 substratus
1085 629 1219 690 Numida
1248 639 1375 692 mortuo

218 733 475 809 superincubanti
495 731 633 792 Romano
658 734 750 792 vivus
772 750 848 793 naso
872 733 1063 806 auribusque
1083 732 1249 802 laceratis,
1275 750 1375 808 quum

217 835 360 895 inauribus
382 834 422 894 ad
445 833 631 907 capiendum
662 836 757 893 telum
789 833 953 894 inutilibus
984 835 1015 894 ln
1039 834 1158 893 rabiem
1189 835 1236 894 ira
1259 851 1375 895 versus

218 934 365 994 laniando
388 935 536 996 dentibus
559 937 683 996 hostem
708 936 932 1009 enspIrasset“
957 942 988 993 et
1011 934 1111 994 Silius
1122 935 1173 994 VI.
1198 936 1255 994 lt:
1279 937 1375 998 quta

219 1051 350 1096 eerrrere
380 1043 446 1097 erat
476 1037 650 1097 meritae
680 1037 763 1097 sibi
795 1051 967 1112 poscere
998 1052 1157 1096 carmen
1191 1037 1374 1097 Virtutis

218 1154 365 1198 sacram
397 1138 553 1199 rabiem.
604 1140 762 1200 Laevinus
793 1140 832 1198 ab
862 1139 926 1198 alto
960 1137 1127 1208 Priverno,
1159 1139 1236 1198 uitis
1259 1141 1373 1201 Latiae

219 1239 397 1317 praesIgnis
428 1242 565 1310 itenere,
601 1240 785 1301 Exanimum
813 1241 991 1301 Namasona
1026 1241 1128 1314 Tyren
1166 1256 1264 1315 super·
1299 1243 1373 1317 ipse

215 1339 340 1411 jacebat
361 1341 538 1402 Exanimis:
568 1361 630 1403 non
654 1344 745 1403 hasta
767 1343 854 1412 viro,
879 1360 940 1402 non
965 1341 1068 1401 crisis:
1097 1342 1129 1400 In
1155 1343 1232 1401 artis
1256 1344 1372 1403 Abstu-

216 1445 296 1503 lerat
319 1445 392 1503 Fors
413 1461 512 1505 mma:
548 1450 652 1504 tamen
682 1446 852 1506 certamIne
882 1444 966 1504 liudo
996 1442 1118 1502 Invenit
1153 1443 1244 1503 Marti
1273 1446 1373 1504 telum

216 1545 316 1604 dolor.
369 1547 430 1605 Ore
459 1552 587 1606 cruento
611 1547 782 1624 Pugnatum
813 1546 953 1620 ferrique
985 1545 1086 1604 vicem
1117 1544 1195 1604 dens
1221 1548 1370 1620 praebuit

217 1647 293 1707 irae.
339 1648 403 1707 Iam
428 1650 553 1708 lacerae
576 1665 668 1709 nares
691 1649 882 1723 foedataque
906 1646 1024 1707 lumina
1046 1664 1170 1716 morsu,
1195 1647 1262 1707 lam
1285 1655 1369 1708 trun-

216 1766 285 1808 cum
308 1751 407 1825 raptis
438 1757 530 1827 caput
559 1751 688 1812 auribus
719 1751 853 1826 ipsaque
883 1749 962 1810 diris
988 1750 1085 1808 Frons
1109 1749 1243 1824 depasta
1266 1751 1371 1810 modis

216 1856 248 1909 et
272 1851 426 1928 sarrguine
449 1854 585 1914 abundat
600 1854 729 1914 lriatus:
751 1853 816 1913 Nec
839 1853 953 1921 sullae,
982 1851 1084 1910 donec
1106 1852 1288 1912 mandentia
1312 1852 1370 1911 lin-

218 1959 328 2028 queret
348 1972 403 2015 ora
425 1955 562 2031 Spiritus
578 1962 610 2015 et
624 1957 738 2031 plenos
762 1956 858 2015 rictus
876 1971 960 2014 mors
977 1959 1044 2013 atra
1058 1959 1192 2014 teneret.
1226 1955 1317 2016 Palla
1329 1989 1371 1997 —

216 2057 348 2131 praebet
377 2057 478 2118 tristis
507 2059 658 2119 miracula
686 2059 820 2117 uirtus.“
876 2059 981 2130 Atque
1010 2057 1071 2118 hoc
1100 2055 1246 2130 quidem,
1284 2059 1371 2132 quod

215 2155 322 2225 attuII,
346 2175 408 2216 non
431 2157 534 2217 minus
559 2159 681 2219 confido
707 2161 737 2219 in
761 2160 939 2220 contessum
966 2162 1130 2216 venturum
1150 2172 1240 2226 esse,
1276 2176 1368 2233 quam

216 2258 300 2334 quod
329 2275 429 2334 nuper
452 2259 591 2331 Coniect.
615 2260 690 2321 Stat.
711 2261 746 2320 X.
776 2280 804 2338 p.
829 2261 888 2321 lca
919 2257 1034 2318 edocui
1063 2275 1082 2318 a
1119 2258 1259 2319 Statio
1290 2262 1369 2321 Silv.

215 2361 250 2418 II.
274 2361 304 2428 6,
330 2361 385 2420 la:
409 2362 508 2438 gemit
532 2363 614 2422 Inter
637 2364 722 2424 bella
744 2368 940 2439 peremptum
959 2360 1090 2421 Parthus
1114 2371 1258 2436 equum“
1285 2365 1367 2423 cele-

213 2463 297 2522 brari
326 2463 438 2523 farriam
466 2464 632 2540 Artybii
655 2465 778 2526 Persae.
823 2466 871 2525 De
894 2465 1005 2523 vultu
1038 2463 1076 2522 ci.
1097 2463 1172 2523 stat.
1197 2464 1273 2526 VIII.
1296 2469 1368 2527 iit.

212 2564 365 2625 Arrtmian.
384 2565 487 2625 XXXI.
505 2568 555 2636 13,
571 2569 598 2626 4.
629 2569 709 2627 Coit.
734 2567 807 2627 Sall.
833 2568 897 2627 (lat.
913 2567 996 2635 aul
1022 2583 1050 2641 p.
1068 2568 1138 2626 392.
1187 2607 1190 2612 >

725 2698 851 2794 lxttt.

297 2855 471 2930 Supersunt
495 2853 527 2914 in
551 2855 665 2918 eodem
689 2857 826 2917 carmine
845 2856 924 2926 alia,
949 2871 1031 2930 quae
1046 2856 1179 2917 Lehrsio
1196 2855 1235 2916 ad
1253 2859 1363 2918 existi-

213 2956 371 3027 mandum,
395 2958 469 3032 quid
493 2957 648 3020 dedeceat
671 2957 850 3026 Horatium,
874 2957 1045 3032 praecipiti
1068 2956 1241 3019 dubitanda
1263 2961 1364 3022 luisse

212 3058 386 3118 videantur.
441 3061 549 3120 Veluti
579 3076 660 3135 quae
696 3061 737 3120 de
773 3060 949 3135 Pyrrhae
984 3060 1148 3120 saeculo
1187 3058 1249 3141 (sic
1280 3065 1364 3124 eninr

211 3167 304 3220 vocat
328 3163 422 3222 etiarn
446 3160 635 3222 Claudianus
658 3162 691 3220 B.
717 3162 797 3222 Gild.
824 3161 876 3245 43)
902 3163 1047 3240 leguntur
1070 3181 1099 3220 v.
1124 3164 1258 3223 6-12:

415 3262 537 3328 Plaolum
561 3270 599 3322 et
622 3279 765 3324 summa
787 3280 912 3341 genus
936 3264 1072 3324 haesit
1097 3265 1183 3342 ulmo,

416 3366 519 3428 Nota
542 3382 644 3442 quae
667 3366 784 3426 sedes
807 3367 941 3427 iuerat
964 3367 1177 3438 columbis,

415 3469 461 3531 Et
483 3469 646 3551 superjecto
669 3468 845 3544 pavidae
866 3475 1057 3530 natarunt

548 3572 673 3650 loquore
695 3572 795 3634 danae

210 3674 385 3750 improbata
411 3689 481 3733 cum
510 3674 615 3733 multis
644 3680 709 3733 tum
737 3675 924 3734 Buttmanno
958 3681 989 3733 et
1012 3673 1176 3740 Meinekio
1206 3673 1358 3750 Hauptio-

210 3792 289 3851 que‚
317 3777 456 3852 aliquam
484 3778 601 3840 habent
630 3775 870 3838 similitudinem
900 3795 963 3837 non
993 3777 1085 3837 modo
1109 3777 1217 3837 Ovidii
1240 3776 1312 3837 Met.
1337 3778 1358 3836 l.

209 3879 288 3947 296,
320 3878 511 3948 sedetiam,
542 3884 576 3938 ut
606 3877 814 3940 indIcavimus
843 3879 931 3957 Valg.
956 3895 985 3953 p.
1009 3881 1087 3949 acl,
1124 3879 1247 3940 Ariosti
1282 3878 1359 3947 Padi

210 3980 453 4041 exuundationem
477 3981 529 4043 his
553 3981 585 4042 in
599 3979 739 4041 Rolando
765 3981 832 4043 Fur.
846 3983 904 4043 XL.
920 3985 968 4042 31.
992 3983 1063 4068 Vol.
1081 3982 1116 4040 V.
1140 3999 1171 4057 p.
1189 3983 1229 4040 ll
1254 3982 1357 4042 Gries.

208 4083 377 4142 narrantis:
402 4100 486 4158 „qua
501 4089 606 4144 autern
630 4099 727 4143 aves
752 4083 847 4143 salire
867 4092 1117 4154 consueverunt,
1137 4084 1201 4156 jam
1216 4085 1358 4159 pisces

208 4197 266 4256 per
296 4199 461 4244 summas
499 4186 628 4244 ulmos
665 4187 809 4245 labentes
844 4185 984 4247 videas“
1019 4193 1113 4262 etque
1144 4186 1278 4246 Himerii
1308 4187 1357 4248 Or.

207 4281 317 4341 XXVII
346 4302 376 4358 p.
393 4287 453 4346 838
485 4285 643 4346 Maeandri
673 4287 756 4348 dona
786 4289 836 4350 his
867 4290 1041 4362 complexi:
1075 4286 1158 4364 ἴδοις
1187 4281 1225 4348 ἂν
1246 4289 1359 4352 πεδίον
