3026 4988
111 536 181 610 ipse
216 533 435 607 interponeret
466 530 537 589 sire
566 531 787 607 granunaticus
822 529 938 606 aliquis
969 534 1050 593 male
1081 535 1267 612 ingeniosus

110 638 181 697 sive
211 634 275 693 iste
307 633 433 701 rhetor,
465 648 558 707 quem
589 633 694 692 animo
722 634 903 694 informavit
933 636 1093 696 Lelrrsius.
1146 638 1267 708 Quanto

110 742 210 817 igitur
240 736 364 798 carrtius
401 743 497 809 atque
533 735 712 796 accuratius
744 738 775 796 in
804 737 993 799 difficillima
1021 756 1133 800 caussa
1162 757 1268 802 versa-

110 849 160 902 tus
186 847 236 900 est
260 839 453 906 GessneruS,
483 838 537 911 qui
556 838 689 898 Domitii
712 839 807 898 llarsi
830 855 944 913 poema
968 841 1191 902 Amazonidem
1214 843 1268 902 bic

114 941 289 1020 perstringi
304 939 505 1015 significavit.
539 940 699 999 Adversus
723 957 814 1014 quem
831 940 1072 1016 lleynemannus
1095 942 1140 1002 ita
1162 943 1269 1020 dispu-

111 1053 173 1115 tat,
212 1050 247 1103 ut
278 1041 361 1117 quod
391 1041 439 1101 illi
467 1047 532 1101 'non
561 1042 734 1112 permittit,
773 1043 833 1102 sibi
869 1049 973 1103 tamen
1010 1044 1074 1119 ipsi
1109 1046 1270 1118 permittat

111 1145 352 1224 praejudicatae
376 1143 523 1219 opinioni
552 1143 714 1203 addictus:
745 1144 855 1214 „unde
877 1145 1018 1214 tandem,
1049 1146 1152 1220 inquit
1175 1166 1203 1223 p.
1218 1150 1268 1218 35,

111 1256 215 1309 totum
251 1246 336 1308 istud
374 1247 480 1307 hausit
508 1246 706 1316 Gessnems‚
747 1247 778 1305 in
817 1246 1010 1307 Amazonide
1046 1243 1147 1307 Marsi
1173 1251 1267 1310 ullam

113 1351 216 1411 fuisse
235 1349 429 1408 mentionem
451 1344 712 1408 vindelicorum?
727 1381 768 1390 -
785 1346 988 1408 Videntur
1011 1354 1115 1408 autem
1127 1350 1269 1411 Vindeli-

32 1475 41 1496 .
113 1471 223 1514 corum
254 1466 384 1510 secures
415 1456 528 1525 utpote
557 1450 719 1526 singulare
750 1448 896 1524 quiddam
926 1456 958 1508 et
980 1452 1201 1522 memorabile,
1237 1459 1271 1512 ut

114 1556 245 1616 omnino
271 1551 363 1624 nujus
386 1552 491 1628 gentis
512 1568 615 1611 mores
631 1559 726 1628 atque
744 1551 887 1628 origines
910 1552 1057 1629 gratam
1081 1570 1270 1630 3111111111-

117 1658 222 1718 licis
245 1653 487 1732 disputandi
511 1655 718 1715 materiam
742 1661 814 1727 post
838 1654 955 1713 bellum
977 1655 1072 1716 Drusi
1096 1665 1128 1716 et
1153 1657 1272 1719 liberii

117 1758 398 1836 suppeditavisse:
430 1757 504 1816 hinc
534 1763 565 1815 et
596 1756 737 1831 spurium
767 1755 914 1817 carminis
944 1759 1076 1817 nostri
1111 1776 1271 1820 ornamen-

117 1871 183 1922 tum
214 1861 305 1920 lluxit
341 1866 373 1918 et
401 1859 506 1919 Servii
536 1858 731 1919 adnotatio.“
787 1859 932 1917 Ceterum
964 1877 1022 1918 nos
1054 1861 1116 1935 ipsi
1148 1868 1181 1920 ut
1211 1863 1272 1922 Do·

116 1963 200 2024 mitii
224 1961 321 2022 Marsi
343 1961 535 2020 mentionem
559 1958 777 2019 dimittendam
802 1974 875 2017 esse
899 1974 1065 2020 censemus
1089 1968 1272 2036 propterea,

118 2063 204 2140 quod
228 2060 453 2122 Amazonidem
483 2079 543 2120 non
567 2060 675 2136 gravi,
706 2061 764 2119 sed
795 2067 905 2120 tenero
936 2068 1036 2121 metro
1066 2064 1274 2138 compositam

114 2168 221 2254 luisse
251 2153 416 2224 docuimus
447 2163 476 2222 in
503 2161 678 2223 corollario
708 2162 745 2222 ad
775 2165 1009 2224 Leusclmerum
1040 2165 1138 2225 misso
1168 2167 1272 2243 Progr.

117 2269 233 2330 Friedl.
250 2266 402 2328 1851111.
427 2285 455 2341 p.
470 2268 500 2335 t,
525 2266 569 2325 ita
590 2265 685 2324 facile
708 2266 911 2326 concedimus
936 2282 1024 2336 eum,
1049 2268 1102 2341 qui
1116 2268 1274 2328 Gessnero

119 2372 245 2438 faveat,
270 2383 364 2444 posse
388 2367 545 2443 suspicari
568 2367 691 2442 aliquid
712 2367 752 2426 de
776 2368 881 2428 Hostii
904 2369 990 2428 bello
1015 2367 1125 2428 istrico
1149 2371 1218 2439 vel,
1244 2370 1277 2429 id

122 2473 207 2549 quod
238 2469 434 2548 probabilius
465 2469 624 2539 ducimus,
655 2470 695 2529 de
718 2471 804 2530 Furii
833 2469 970 2532 Antiatis
993 2470 1168 2529 Annalibus
1200 2472 1277 2531 belli

122 2575 239 2637 Gallici
270 2572 373 2657 (Valg.
401 2593 428 2649 p.
454 2571 539 2654 tte).
592 2573 655 2632 Sed
685 2592 746 2633 non
777 2575 869 2634 modo
895 2573 1016 2632 lubrica
1038 2572 1174 2632 tortasse
1198 2576 1278 2632 baec

122 2687 219 2753 atque
243 2677 428 2753 ambagiosa
447 2673 640 2745 judicabitur
664 2691 737 2734 esse
766 2674 974 2745 conjectatio,
1003 2690 1111 2733 verum
1134 2692 1153 2736 a
1175 2676 1265 2751 gravi

122 2788 190 2840 tate
214 2778 361 2840 carminis
379 2775 474 2837 Drusi
498 2775 644 2836 laudibus
668 2776 823 2845 dedicati,
848 2775 880 2834 id
905 2775 989 2849 quod
1014 2775 1151 2835 diximus
1165 2777 1280 2836 Coroll.

123 2883 188 2941 l.d.
211 2900 242 2957 p.
260 2884 358 2955 1111,
388 2879 516 2938 omnino
547 2880 719 2938 abhorrere
744 2878 870 2938 videtur
900 2876 1057 2948 ejusmodi
1087 2878 1279 2955 significatio
1356 2857 1358 2862 ⁵

124 2986 179 3043 rei
201 2980 431 3059 reprehensio,
466 2983 590 3055 qrralem
623 2981 801 3041 Gessnerus
832 2981 930 3040 finxit.
984 2980 1087 3050 Qume
1116 2983 1197 3041 malo
1228 2979 1280 3061 (ab

126 3103 165 3147 ea
196 3084 356 3146 sententia
384 3102 445 3144 non
476 3083 603 3143 orunino
633 3084 825 3151 abhorrens,
856 3099 945 3156 quam
976 3082 1185 3157 spernendam
1209 3098 1283 3141 esse
1314 3155 1316 3160 ,

126 3188 263 3250 credidit
282 3185 358 3246 aliis
370 3185 617 3261 lieynemannus
641 3204 672 3261 p.
687 3183 741 3264 31)
764 3185 811 3244 sic
834 3191 990 3244 statuere:
1014 3184 1175 3244 Horatium
1200 3185 1284 3245 nulla

127 3289 353 3366 „recordatum
378 3289 519 3348 reterum
541 3292 743 3347 monumenta
758 3289 927 3347 virorum“
952 3288 1143 3346 Amazoniae
1162 3287 1283 3346 securis

126 3395 241 3454 famam
266 3391 440 3450 contulisse
465 3390 497 3448 in
521 3389 677 3463 quoddam
704 3388 794 3464 quasi
817 3386 1033 3446 testimonium
1057 3387 1161 3457 illius,
1193 3403 1284 3462 qrram

127 3495 262 3556 Romani
301 3493 385 3554 bello
424 3491 549 3568 experti
587 3498 711 3561 essent,
748 3489 943 3550 fortitudinis
972 3488 1131 3562 Dmsique
1160 3492 1284 3570 meritis

129 3597 306 3659 illustriore
344 3594 585 3670 praedicatione
620 3592 879 3653 circumferendis
917 3593 962 3652 ita
998 3591 1215 3660 consuluisse,
1251 3596 1285 3649 ut

70 3779 75 3790 Ι
130 3718 209 3784 quas
234 3704 377 3759 cateruas
407 3697 473 3756 diu
504 3679 907 3770 lateque'victrices
938 3691 1110 3754 acerrimus
1133 3693 1196 3752 dux
1219 3699 1285 3752 tun-

130 3804 202 3863 dam
222 3800 427 3876 refregisset,
452 3815 507 3858 ecs
531 3801 567 3860 ab
589 3798 669 3874 ipsis
681 3797 894 3858 Amazonibus
910 3795 1066 3873 originem
1081 3795 1213 3855 duxisse
1231 3796 1286 3855 iin-

130 3909 223 3982 geret
247 3908 280 3961 et
303 3917 360 3971 eo,
392 3919 453 3976 quo
478 3901 652 3969 cernimus,
684 3901 776 3960 modo
801 3900 1005 3976 significaret.
1050 3896 1137 3966 Quae
1160 3896 1287 3970 quidem

132 4004 277 4082 suspicio
307 4014 412 4063 norm'e
441 4005 501 4063 boc
531 4004 626 4065 habet
664 4002 839 4080 argumenti
869 4008 922 4061 aut
955 3992 1236 4072 rationis‚.qnod'
1257 4001 1288 4054 et

133 4108 236 4180 ‚,Sibi,
261 4107 375 4183 quibus
395 4106 498 4181 pelles
517 4105 651 4165 ferarum
675 4122 731 4180 pro
756 4109 862 4171 veste,
887 4104 996 4162 clavae
1019 4118 1076 4174 pro
1100 4100 1165 4158 telo
1190 4103 1288 4164 erant,

133 4209 272 4281 majores
302 4226 377 4268 suos
401 4208 442 4266 de
465 4208 610 4267 exercitu
632 4206 777 4266 Herculis
808 4219 881 4262 esse
904 4207 1109 4261 memorant“
1133 4199 1297 4279 (01111111.-

137 4315 235 4395 1l,·2)
262 4317 312 4379 et,
336 4326 376 4370 nc
399 4311 437 4369 ad
461 4310 524 4369 alia
548 4312 667 4377 abeam,
692 4322 773 4381 qrrac
798 4311 916 4364 restent
941 4304 1091 4378 plurima,
1115 4303 1138 4360 ’1
1141 4302 1290 4378 iryntlriis

1086 4405 1135 4466 ,1
