3052 4996
700 385 742 454 58

138 560 239 620 vallis
263 560 323 619 tibi
346 559 459 620 Murtia
482 559 575 618 ducet
597 557 748 618 Nomen.“
786 557 887 616 Burm.
917 574 949 633 p.
975 555 1050 642 103)
1076 575 1095 619 a
1117 559 1220 620 doctis
1242 562 1298 621 bo-

139 661 282 722 minibus
303 662 480 722 deliberata
502 659 584 736 apud
607 677 665 720 nos
688 665 854 735 tantopere
879 661 1003 731 valent,
1033 666 1067 720 nt
1097 677 1136 722 ea
1164 662 1299 732 ratione,

141 781 239 839 quam
263 765 353 824 novit
375 761 527 823 Heinsius
550 761 633 822 Nott.
657 762 695 822 ad
719 759 857 836 Propi.
884 762 949 831 82
973 781 1002 838 p.
1019 763 1098 833 ouo,
1121 769 1300 840 corruptum

142 881 218 924 esse
242 882 261 925 a
286 863 444 933 librariis,
478 865 592 939 quibus
623 864 796 924 insolentia
825 861 916 924 uocis
948 863 986 924 in
1016 863 1049 924 in
1078 863 1183 924 medio
1205 879 1300 924 versu

141 966 273 1042 positae
305 952 416 1026 fraudi
437 975 542 1034 esset,
580 964 804 1025 contendamus
840 964 1009 1037 pristinum
1045 963 1112 1036 ejus
1143 965 1205 1026 loci
1239 971 1300 1026 sta-

142 1074 209 1128 tum
232 1069 371 1128 huncce:

716 1170 818 1227 bene
840 1165 951 1228 ferre
975 1185 1151 1245 magnam

351 1271 475 1332 Disce
499 1270 716 1341 fortunam3
741 1266 771 1331 ln
794 1275 863 1329 tua
884 1277 1027 1330 sectus
1052 1271 1167 1330 orbis

401 1377 406 1388 '
522 1369 687 1431 Nomina
710 1371 799 1434 redet.

145 1491 305 1553 Immerito
335 1492 417 1552 enim
447 1490 707 1564 aPeerlkampio
737 1489 931 1566 reprehendi
960 1491 1058 1549 verba
1086 1489 1245 1549 nomina
1267 1495 1300 1548 et

146 1599 288 1653 sectus
312 1593 425 1652 orbis
449 1592 565 1651 docent
588 1589 640 1650 vel
663 1590 762 1652 Silius
777 1590 842 1650 llll.
868 1592 944 1651 360:
966 1591 1083 1651 Sardus
1106 1624 1147 1634 -
1170 1607 1211 1652 ex
1226 1605 1301 1650 sese

145 1696 280 1756 mutavit
302 1693 462 1754 nomina
486 1699 617 1754 lernae“
645 1700 677 1753 et
700 1693 819 1754 Statius
843 1695 941 1754 Theb.
968 1691 1044 1752 Vlll.
1068 1695 1124 1754 ol:
1150 1699 1300 1753 sectum

145 1795 296 1875 genetrix
325 1794 403 1856 mibi
435 1801 594 1871 computat
624 1805 794 1858 annum.“
849 1795 916 1867 Quo
947 1802 1052 1855 autem
1080 1802 1228 1857 testatum
1256 1795 1299 1853 1-

146 1900 243 1968 eiam,
286 1899 399 1973 quibus
429 1897 568 1971 inceptis
598 1898 657 1956 hac
695 1903 800 1958 aetate
836 1903 964 1974 pateant
991 1896 1116 1959 Horatii
1152 1899 1299 1965 carmina,

146 2002 226 2062 libet
250 2001 370 2060 relerre
394 2016 413 2060 a
435 2001 490 2060 Th.
516 1999 688 2060 Schaeiero
711 1999 751 2058 de
766 1999 838 2059 Hor.
856 2000 954 2059 Carm.
968 1999 1018 2059 ill.
1034 2003 1083 2061 27.
1106 2001 1203 2062 Bonn.
1220 2001 1298 2062 1888

148 2120 176 2178 p.
190 2105 231 2164 23
255 2104 337 2163 haec
361 2101 483 2162 effutita
505 2117 595 2161 esse:
619 2100 890 2176 simplicissimum
904 2102 965 2162 hoo
979 2109 1028 2162 est
1043 2104 1139 2191 statui
1162 2110 1299 2164 sectus

149 2223 222 2268 esse
246 2204 476 2267 substantivum
501 2211 631 2280 qumtae
659 2203 886 2266 declinationis
917 2211 949 2265 et
980 2205 1137 2284 significat
1167 2215 1299 2282 partem,

149 2310 235 2370 orbis
260 2313 310 2367 est
334 2323 426 2368 casus
448 2307 635 2384 genetivus,
665 2325 727 2367 non
749 2307 993 2369 nominativus.“
1047 2309 1164 2370 Verum
1186 2309 1300 2371 amotis
1364 2341 1377 2354 ν

149 2411 243 2488 nugis
276 2425 463 2486 quaeramus
494 2407 587 2469 seria.
639 2409 737 2470 Recte
767 2411 852 2471 enim
881 2409 945 2470 dici
973 2411 1048 2470 hoe:
1081 2411 1120 2471 in
1144 2417 1211 2471 tua
1232 2429 1299 2472 no-

147 2516 252 2574 mina
290 2512 377 2573 orbis
407 2511 547 2572 eedit“
578 2511 737 2573 declarant
766 2511 935 2573 Sallustius
964 2513 1105 2590 tug.1e‚
1132 2514 1186 2572 12:
1222 2513 1300 2574 violi

37 2599 40 2606 ¹
148 2632 260 2677 omnes
285 2616 325 2675 in
349 2620 476 2691 gentem
499 2629 712 2690 nomenque
727 2614 947 2690 imperantium
971 2623 1243 2675 concessere“
1268 2621 1300 2674 et

147 2717 353 2794 Hegesippus
383 2715 404 2773 I.
432 2720 483 2778 15:
521 2734 652 2792 quorum
686 2716 719 2776 in
755 2730 895 2775 nomen
926 2732 963 2776 ao
990 2722 1182 2790 potestatem
1213 2721 1299 2776 totus

146 2835 248 2895 prope
273 2818 386 2878 orbis
409 2825 560 2878 terrarum
576 2821 879 2878 concesserat.“
904 2817 986 2878 Cori.
1001 2834 1030 2892 p.
1046 2817 1115 2879 506.
1137 2818 1298 2880 Duk.Liv.

148 2919 197 2978 Ill.
222 2922 253 2992 l,
278 2921 295 2980 t
318 2935 347 2995 p.
364 2921 414 2980 oo.
438 2918 493 2979 Sil.
517 2919 579 2979 XV.
604 2923 638 2980 o:
668 2920 707 2980 in
732 2918 843 2994 Tyrias
866 2920 970 2996 leges
1001 2919 1201 3008 concedat
1223 2923 1299 2980 tel-

147 3024 240 3082 lus“
265 3022 547 3098 atque-Ausonius
571 3024 659 3083 Caes.
682 3022 780 3082 Praei.
799 3023 832 3082 1:
863 3020 895 3081 in
919 3039 1052 3096 quorum
1072 3037 1170 3100 regna
1185 3057 1226 3067 -
1239 3024 1298 3084 Ro-

147 3143 239 3186 mana
261 3124 407 3200 potentia
429 3124 570 3184 cessit.
604 3125 675 3184 Tae.
700 3125 778 3184 Ann.
802 3123 823 3183 1.
849 3123 876 3183 2.
909 3123 988 3183 illst.
1011 3122 1062 3182 Vl.
1088 3125 1137 3185 43.

230 3279 297 3338 Neo
319 3279 359 3338 de
381 3279 529 3338 versibus
549 3279 703 3338 (ra-ta:

314 3397 400 3458 Mox
422 3398 490 3458 ubi
514 3396 583 3459 lmlt
605 3397 727 3458 satis:
750 3397 906 3473 lbstlnoto,

317 3500 449 3570 Dixit,
473 3501 619 3561 irarum
643 3501 887 3576 calidaeque
911 3500 1043 3570 rixae,

317 3604 408 3673 buum
439 3601 514 3662 tibi
545 3601 707 3662 invisus
737 3602 956 3663 laceranda
986 3602 1129 3663 reddet

401 3705 726 3765 Cornuataurus

146 3841 208 3883 non
237 3823 397 3883 assentior
427 3823 649 3900 Peerlkampio
680 3829 713 3884 et
735 3823 898 3885 Meinelrio
932 3821 998 3906 (oui
1022 3823 1086 3884 cito
1110 3821 1299 3897 subscripsit
1322 3893 1326 3899 ‚

146 3925 327 4002 Lehrsins),
351 3931 506 4000 quatenus
529 3927 659 3986 verbum
684 3926 895 3986 abstineto
920 3927 951 3986 in
975 3923 1224 3984 controversiam
1246 3923 1298 3983 ad-

145 4025 318 4095 duxerunt,
349 4043 458 4088 verum
482 4029 542 4087 hoo
565 4027 700 4104 amplius
732 4043 849 4088 censeo
881 4033 913 4086 et
938 4041 1048 4086 vocem
1071 4025 1299 4096 injussnsa

145 4126 291 4198 Bentlejo
315 4130 525 4202 probabiliter
547 4131 710 4191 suffectam
734 4144 807 4188 esse
831 4134 861 4188 et
885 4127 948 4188 alia
970 4127 1032 4186 duo
1062 4127 1196 4186 subesse
1219 4126 1298 4188 vitia

145 4229 205 4289 hac
228 4235 297 4289 arte
320 4231 512 4293 eximenda:⁴
778 4234 782 4242 '
