3030 4984
685 335 748 406 ldb

287 505 498 566 Scriberis
520 505 641 568 Vario
665 509 789 569 lortis
813 517 853 570 et
875 513 1053 574 hostium

286 607 444 676 Victor,
468 606 588 670 locelli
610 609 748 672 mentiti
771 611 840 675 alite
1068 679 1070 683 .

287 710 376 780 duan
399 726 459 770 rem
482 727 594 788 curque
617 711 733 772 lerox
756 715 928 777 navibus
950 723 1015 776 aut
1038 717 1158 793 equis
1250 731 1253 738 ·

342 808 422 872 ntro
443 815 483 869 te
507 810 605 872 duce
627 813 758 893 gesserit.

133 909 225 969 Unde
249 912 343 971 simul
366 914 501 990 emergit
524 920 621 991 atque
642 923 774 992 apparet
803 934 908 994 neque
939 934 993 989 ea,
1022 935 1104 995 quae
1127 919 1291 994 Bentlejus

134 1012 174 1072 de
204 1030 285 1073 voce
315 1031 587 1092 quamcunque
614 1017 685 1089 jure
719 1020 882 1080 dubitasse
909 1020 1045 1097 Hauptio
1075 1022 1201 1083 videtur
1236 1023 1291 1102 (oi.

133 1115 256 1176 Weicb.
281 1117 321 1176 de
334 1117 432 1179 Vario
456 1137 485 1194 p.
499 1121 567 1198 23),
591 1121 710 1182 habere
733 1123 812 1182 sotis
835 1123 987 1198 ponderis
1012 1125 1077 1198 (vel
1100 1125 1183 1199 quod
1203 1125 1290 1201 epici

134 1223 251 1292 poetae
281 1225 329 1278 est
359 1235 418 1294 per
446 1237 570 1281 ornnem
595 1221 749 1298 deinceps
778 1241 880 1283 rerum
910 1225 1028 1284 seriem
1050 1223 1234 1308 decurrere)
1257 1231 1291 1286 et

133 1319 259 1379 heroici
288 1321 398 1396 operis
426 1323 675 1398 magnitudinem
706 1325 757 1384 bis
787 1325 910 1385 demum
938 1322 981 1407 (v.
1007 1330 1024 1387 5
1048 1324 1109 1404 sq.)
1139 1326 1289 1386 indicari:

133 1421 228 1490 „Nos
258 1423 386 1497 quidem
414 1425 512 1493 baec,
543 1441 624 1500 quae
654 1425 775 1500 optimo
806 1427 912 1488 omine
942 1446 998 1503 pro
1021 1428 1183 1502 republica
1204 1431 1289 1488 terra

131 1524 276 1599 marique
288 1525 381 1602 gesta
394 1525 487 1601 epiro
501 1528 638 1587 carmine
651 1528 840 1604 dignissima
852 1538 933 1600 sunt,
948 1548 1011 1590 non
1025 1529 1126 1607 magis
1139 1547 1288 1591 conamur

131 1626 333 1697 describere,
358 1645 450 1703 quam
464 1629 594 1690 iliadem
616 1637 647 1690 et
661 1631 835 1709 Odysseam
849 1633 986 1693 condere
1002 1639 1073 1708 post
1087 1632 1287 1693 Homerum.⁴‘

132 1728 220 1800 Quae
249 1736 370 1790 tantum
398 1732 520 1807 gratiae
555 1734 676 1793 babere
705 1731 877 1804 ridentur,
915 1741 1064 1810 quantum
1100 1733 1288 1796 offensionis

133 1833 205 1900 1118,
239 1848 319 1907 quae
344 1833 386 1892 iis
409 1823 612 1909 placuerunt,
642 1838 697 1911 qui
721 1836 849 1897 Varium
872 1837 998 1911 epicum
1017 1842 1145 1910 poetam
1167 1853 1229 1897 non
1253 1851 1288 1896 re

132 1933 275 2004 ostendi,
300 1934 358 1994 sed
383 1937 505 1996 verbis:
530 1936 669 1997 Maeonii
693 1938 841 1997 carminis
861 1938 975 1998 alite“¹
990 1937 1145 1997 declarari
1163 1935 1286 2012 opinati

132 2041 225 2107 sunt;
258 2054 328 2097 nam
352 2038 480 2113 parcius
504 2038 543 2098 de
566 2040 728 2116 Agrippae
751 2040 845 2099 laude
868 2054 939 2099 euin
967 2038 1124 2109 scribere,
1157 2036 1286 2114 quibis

131 2139 292 2198 absolvat:
334 2139 476 2216 Agrippa
505 2142 596 2203 lortis
627 2148 658 2202 et
687 2143 826 2203 hostium
862 2147 947 2202 terre
976 2141 1118 2216 marique
1147 2141 1286 2210 victor“‚

131 2240 336 2314 perspicuum
366 2247 416 2300 est
444 2259 536 2316 quam
567 2244 652 2317 quod
683 2245 826 2306 maxime.
875 2244 913 2304 Et
935 2243 997 2302 hoc
1019 2242 1147 2316 quidem
1169 2259 1286 2302 novum

131 2341 276 2401 dedimus
301 2341 370 2413 ejus
392 2343 510 2405 laboris
534 2345 772 2413 documentum,
796 2361 859 2419 quo
884 2343 916 2403 in
941 2342 1141 2419 explicandis
1160 2341 1285 2427 Horatii

128 2443 326 2504 carminibus
345 2445 471 2506 omnino
496 2461 576 2520 opus
601 2463 674 2506 esse
698 2446 833 2506 maxime
864 2446 896 2504 in
919 2443 1027 2521 Valgii
1050 2430 1285 2504 commentariis

127 2545 307 2622 monuimus
338 2547 513 2608 identidem
545 2549 825 2623 persuasimusque
855 2545 1100 2607 Schneidewino
1122 2545 1195 2605 Litt.
1219 2543 1284 2604 lnd·

128 2646 267 2724 Gotting.
295 2647 376 2716 1849
399 2667 426 2724 p.
446 2650 535 2710 1632.

603 2884 802 2980 lxxxttt

212 3057 293 3119 Hinc
315 3058 354 3118 ad
377 3074 446 3119 eam
470 3075 535 3118 rem
560 3060 701 3130 relabor,
732 3076 750 3119 a
774 3076 835 3135 qua
858 3075 991 3120 exorsus
1021 3051 1097 3118 sum.
1142 3057 1283 3132 Namque

125 3161 281 3222 Prisciani
302 3160 407 3220 xvut
433 3161 462 3230 8,
485 3162 525 3223 89
555 3167 651 3237 atque
674 3162 809 3223 Acronis
841 3168 873 3222 et
896 3162 1124 3238 Porphyrionis
1153 3161 1193 3221 de
1216 3176 1282 3220 car·

126 3262 212 3323 ruine
233 3262 256 3320 I.
282 3262 331 3332 li,
356 3266 390 3323 d:
609 3269 612 3275 '

339 3363 456 3444 Sepias,
480 3364 574 3424 vina
595 3365 736 3440 liques
761 3372 800 3425 et
820 3367 954 3440 spatio
977 3366 1095 3425 brevi

279 3467 395 3543 Spem
418 3468 578 3542 longam
600 3483 765 3540 reseces

126 3573 190 3632 hoc
213 3570 494 3649 praecipientium:
529 3568 668 3643 sapies
698 3586 755 3643 pro
786 3570 820 3630 si
852 3568 1025 3645 sapias“
1049 3566 1281 3637 auctoritatem,

126 3673 180 3733 cui
210 3672 357 3748 plerique
385 3679 513 3746 parent,
543 3673 657 3733 nullam
689 3689 762 3732 esse
792 3678 824 3732 et
846 3671 1085 3745 Peerlkampius
1118 3667 1226 3728 docuit
1249 3674 1281 3728 et
1354 3661 1357 3670 ’

127 3774 193 3835 8118
215 3775 319 3835 liabeo
344 3774 459 3850 quibus
482 3776 663 3836 confirmem
683 3775 746 3846 jam
769 3774 909 3834 dicturus
932 3773 971 3832 de
996 3787 1091 3832 versu
1104 3771 1203 3831 hocce
1217 3768 1281 3853 (3);

126 3955 129 3961 ¹
405 3877 438 3938 tt
460 3875 579 3953 mellus,
603 3877 803 3954 quidquid
827 3875 925 3944 erit,
949 3870 1026 3954 pati!

127 3982 160 4039 ln
186 3993 279 4053 quem
303 3993 429 4038 versum
442 3979 594 4039 Lehrsius
618 3999 647 4054 p.
663 3979 755 4039 XLlV
778 3979 894 4038 inferre
918 3995 980 4038 non
1002 3975 1173 4045 dubitavit,
1197 3975 1280 4050 quod

129 4082 214 4142 omni
245 4087 313 4141 arte
342 4087 444 4141 caret:
477 4083 643 4152 utilium
681 4080 835 4156 quidquid
863 4079 941 4148 erit,
979 4078 1076 4152 pati.“
1126 4076 1281 4151 Equidem

130 4201 224 4259 quum
253 4201 294 4244 ne
323 4200 432 4245 eorum
463 4184 606 4260 quidem,
636 4201 716 4259 quos
747 4181 1004 4244 commemoravit
1031 4179 1281 4256 Peerlkampius,

130 4286 255 4363 coeptis
278 4287 392 4348 melius
416 4287 613 4348 successisse
633 4286 826 4362 intelligam,
849 4283 1018 4362 llauptium
1033 4288 1138 4342 autem
1154 4280 1280 4346 videam
