3052 4996
776 321 818 389 44

233 498 291 556 bus
315 495 459 558 Vaticani
483 494 705 572 importunitas
733 494 802 554 tolli
827 492 991 553 commode
1015 511 1111 571 posse
1136 495 1299 565 videatur,
1332 501 1409 553 tum
1504 517 1505 542 ÷

233 599 342 659 harum
366 597 562 669 conjectura:

746 699 925 759 simulet
952 696 1098 768 jocosa

438 803 644 862 Redderet
668 799 811 860 laudes
834 801 911 861 tibi
934 805 980 863 ter
1002 799 1157 881 propinq-t

591 903 738 963 Montis
763 903 903 980 imago.

234 1006 271 1065 Ut
297 1013 344 1066 ter
367 1007 553 1068 resonuisse
577 1006 699 1065 dicatur
721 1007 826 1082 imago
843 1004 989 1065 Vaticani
1012 1005 1137 1064 montis.
1185 1011 1228 1066 Ac
1251 1007 1409 1066 fortasse
1503 1036 1504 1057 r

235 1110 312 1178 erit,
345 1108 400 1184 qui
430 1108 533 1185 ipsum
556 1107 700 1168 Vaticani
731 1124 843 1168 nomen
875 1123 914 1167 eo
945 1106 1093 1182 cupidius
1123 1115 1282 1184 arreptum
1315 1125 1409 1168 esse

235 1218 368 1281 statuat,
399 1229 460 1286 qno
484 1210 611 1270 facilius
635 1211 800 1286 proximae
823 1210 913 1269 vocis
938 1209 1148 1269 similitudine
1170 1228 1233 1270 vox
1256 1217 1319 1270 ter
1349 1212 1405 1270 in-

234 1315 349 1391 tercipi
373 1314 518 1390 potuisse
541 1313 687 1374 videatur
710 1313 747 1374 ol.
770 1312 859 1371 Ovid.
883 1312 962 1372 Fast.
988 1311 1038 1372 lll.
1065 1313 1140 1371 563:
1162 1318 1223 1372 ter
1246 1314 1286 1373 ad
1304 1331 1404 1374 ossa.

236 1417 309 1478 Cod.
333 1435 371 1476 m.
394 1435 433 1475 m.
456 1435 501 1492 pr.
525 1415 604 1476 tibi
628 1416 675 1475 ad.
691 1415 779 1475 Lion.
793 1411 979 1491 ServssVirg.
996 1413 1110 1490 Georg.
1123 1414 1173 1473 lV.
1187 1415 1247 1475 495
1273 1434 1303 1491 p.
1318 1417 1402 1476 511.

318 1622 476 1682 Succurrit
501 1621 594 1680 etiam
618 1621 658 1679 de
682 1621 730 1681 lll.
755 1624 784 1690 4,
808 1623 863 1682 ld:

481 1723 614 1783 Testis
637 1742 765 1786 necron
790 1723 1046 1783 centimanus
1077 1724 1180 1798 Gyes

484 1825 786 1886 Sententiarum
870 1871 873 1874 -
1289 1907 1291 1912 λ

233 1933 297 1992 tale
321 1929 442 2003 aliquid
464 1927 629 2004 suspicari.
682 1928 768 1998 Quae
798 1930 882 1989 enim
912 1928 1035 1987 lastidii
1067 1930 1160 2004 plena
1189 1937 1286 2006 atque
1312 1934 1394 1992 insi-

237 2033 313 2109 pida
337 2048 429 2107 quam
452 2030 590 2091 maxime
607 2047 680 2091 esse
699 2031 738 2091 de
754 2029 967 2105 Peerlkampii
982 2017 1182 2105 potissimum
1197 2033 1394 2094 auctoritate

237 2133 385 2196 dictitant
409 2150 478 2192 cnm
501 2132 559 2193 alii
582 2139 646 2193 tum
663 2133 862 2202 lleinelriuS,
893 2131 1065 2207 Hauptius,
1094 2135 1246 2193 Lehrsius
1271 2154 1301 2211 p.
1326 2135 1392 2205 Cll,

236 2238 482 2313 Heynemannus
505 2235 545 2293 de
568 2234 715 2313 Interpol.
740 2255 768 2313 p.
784 2237 835 2306 29,
860 2252 898 2296 ea
922 2253 984 2294 non
1006 2234 1099 2295 modo
1114 2237 1306 2307 tolerabilia,
1331 2239 1393 2297 sed

236 2339 415 2417 probabilia
442 2337 589 2398 videntur
619 2339 707 2408 fieri,
744 2341 771 2399 si
792 2339 874 2399 ¹uoci
902 2353 1073 2398 mearum
1112 2337 1390 2414 interpretationis

235 2447 306 2504 loco
331 2459 350 2502 a
371 2441 510 2502 librariis
540 2439 684 2512 adjectae
713 2440 791 2523 (qua
823 2460 884 2501 non
905 2435 1114 2500 ¹incommode
1144 2445 1220 2500 risus
1245 2448 1294 2501 est
1319 2442 1390 2503 Sar-

235 2545 360 2608 bievi'us
383 2546 433 2606 lV.
458 2547 475 2605 9
506 2563 535 2620 p.
555 2544 629 2605 159:
666 2544 802 2603 Testis
833 2559 1003 2604 mearum
1034 2543 1142 2604 vivida
1170 2545 1283 2604 Bencii
1310 2545 1390 2604 Tha-

236 2651 281 2711 lia
311 2645 511 2728 laudum“)
543 2647 692 2708 statueris
723 2647 924 2708 concessisse
949 2663 1059 2706 vocem
1088 2646 1221 2706 harum
1246 2647 1297 2724 (cl.
1321 2646 1387 2707 Sin.

236 2754 274 2812 lll
297 2769 327 2828 p.
344 2751 419 2834 61),
445 2751 519 2810 inde
543 2750 746 2811 intercidisse
770 2751 901 2810 verbum
925 2750 994 2809 sit:

443 2853 581 2912 Testis
605 2852 766 2917 altiorum
790 2853 1048 2912 centimanus
1073 2851 1175 2926 Gyas

442 2954 754 3015 Sententiarum.
1281 3029 1286 3038 ι

236 3061 275 3120 Ut
299 3059 383 3135 apud
405 3058 551 3118 Ovidium
576 3065 624 3117 est
647 3057 727 3116 Fast.
742 3057 791 3117 Vl.
806 3059 882 3118 lde:
918 3058 1008 3117 Sint
1036 3059 1094 3118 tibi
1125 3057 1296 3117 Flaminius
1317 3060 1390 3118 Tra-

238 3164 424 3238 simenaque
446 3162 541 3237 litora
564 3166 699 3219 testes
730 3160 789 3220 Per·
812 3162 958 3220 volucres
987 3177 1108 3236 aequos
1139 3161 1236 3220 multa
1258 3176 1391 3220 monere

237 3267 347 3326 deos.“
372 3263 483 3324 Heins.
507 3262 563 3338 Ep.
586 3262 677 3322 XVll.
703 3263 761 3323 149
786 3264 911 3357 11252,
942 3265 996 3339 qui
1026 3263 1111 3323 idem
1141 3263 1275 3322 alterum
1299 3263 1390 3332 illud,

238 3369 322 3443 quod
345 3385 404 3427 usu
427 3364 624 3440 frequentius
647 3365 721 3425 tuit:
746 3365 852 3426 sidera
875 3372 965 3425 sunt
988 3371 1149 3425 testes“
1182 3371 1228 3424 et:
1259 3364 1389 3424 testis

237 3470 410 3532 lletaurum
434 3469 586 3536 tlumeu“,
617 3467 732 3527 idonea
756 3469 970 3542 exemplorum
996 3469 1090 3542 eopia
1113 3468 1285 3528 illustravit
1308 3469 1387 3527 Fast.

238 3571 287 3631 lV.
313 3571 373 3631 885
397 3588 426 3645 p.
445 3571 514 3629 302.
560 3566 801 3629 Sententias
829 3575 948 3636 autern,
979 3568 1011 3627 id
1043 3569 1126 3644 quod
1148 3569 1389 3645 Peerlkampius

237 3689 345 3752 parum
377 3671 539 3748 percepit,
570 3671 710 3746 intelligi
739 3672 888 3732 Horatius
920 3672 985 3731 vult
1017 3689 1087 3742 eas,
1120 3671 1233 3747 quibus
1256 3673 1320 3747 ipsi
1343 3672 1388 3731 dii

238 3779 365 3855 planum
395 3775 513 3834 fecisse
543 3791 579 3832 ac
610 3775 761 3848 probasse
792 3773 958 3835 videantur
988 3793 1005 3836 a
1037 3792 1071 3835 se
1096 3775 1161 3834 vim
1182 3780 1388 3851 temperatam

239 3877 381 3950 adjuvari
405 3883 437 3936 et
461 3876 614 3953 provehi,
646 3875 726 3934 odio
745 3876 854 3937 haberi
879 3885 911 3937 et
934 3879 1041 3954 puniri
1068 3879 1151 3937 vires
1184 3892 1277 3938 omne
1300 3876 1388 3937 nefas

240 3981 345 4043 animo
368 3984 544 4041 moventes.
603 3976 692 4048 Quod
715 3993 828 4038 nomen
853 3996 922 4039 cum
945 3981 975 4040 in
999 3979 1119 4050 judicio
1143 3986 1208 4040 tum
1232 3980 1262 4039 in
1287 3995 1390 4056 poena

240 4090 272 4143 et
302 4083 566 4144 condemnatione
595 4080 673 4156 poni
694 4079 913 4155 Wopkensius
945 4081 1052 4141 docuit
1084 4082 1115 4141 in
1139 4081 1245 4141 Sedul.
1271 4081 1304 4140 V.
1328 4081 1387 4141 294

240 4204 269 4261 p.
295 4189 356 4246 239
381 4186 418 4245 cl.
442 4185 491 4244 lV.
516 4185 578 4244 246
603 4202 631 4259 p.
653 4184 710 4242 197
727 4200 772 4257 sq.
797 4188 828 4240 et
853 4181 884 4242 in
907 4182 1025 4243 Paulin.
1048 4183 1204 4244 Petrocor.
1219 4184 1255 4242 V.
1267 4184 1387 4244 llartin.

239 4288 375 4354 luteo
400 4306 429 4363 p.
446 4288 515 4346 892.
573 4285 629 4346 llis
659 4293 762 4346 antem
793 4286 838 4345 ita
861 4284 1046 4345 deliberatis
1078 4286 1273 4362 supersedeo
1299 4287 1388 4345 etde
