3026 4988
684 325 744 398 101
814 278 816 282 ’

128 497 187 557 cis
212 497 332 574 corrigi
359 496 473 564 vellet,
504 495 561 554 sed
585 499 618 555 ut
640 513 750 557 verum
775 514 849 558 esse
871 496 1003 556 discet
1033 498 1198 568 indicaret.
1223 518 1284 560 non

126 601 251 660 ducet
275 595 328 681 (cl.
350 597 458 658 Heins.
484 597 644 657 Claudiam
668 599 702 658 ll.
727 600 813 660 Pros.
837 602 871 660 11.
897 601 955 662 3111
981 599 1113 684 115118).
1156 600 1189 660 ln
1204 603 1285 662 hanc

126 701 212 762 enim
236 701 427 760 sententiam
451 699 600 760 Horatius
624 714 679 769 ea,
704 717 786 776 qnae
806 700 869 772 jam
886 703 1038 778 legimus,
1063 701 1187 762 videtur
1209 702 1283 764 scri·

124 804 253 878 psisse:
283 810 315 862 et
345 801 523 878 priorum
554 802 655 876 lama
685 803 764 862 lert
792 805 917 864 Lamias
939 821 958 864 a
979 806 1074 864 Lamo
1103 803 1282 864 denomi-

123 911 246 965 natos
271 911 303 964 et
327 920 398 980 per
419 920 616 965 memores
640 905 773 965 fastos
797 906 957 966 discent
980 912 1153 980 nepotes
1172 921 1281 966 omnes

122 1009 163 1067 ab
186 1008 261 1082 ipso
285 1007 341 1066 illo
362 1006 554 1066 Formiarum
578 1007 723 1082 principe
747 1023 820 1067 esse
843 1006 948 1084 gentis
964 1023 1042 1068 suae
1064 1008 1281 1084 originem:

256 1107 419 1178 Quando
452 1114 489 1167 01
520 1109 683 1183 priores
717 1111 811 1169 lrinc
835 1110 989 1170 Lamias
1012 1110 1151 1169 lerunt

319 1211 612 1270 Denominatos
637 1217 676 1270 et
699 1217 888 1285 nepotum

362 1311 432 1373 Per
456 1328 653 1372 memores
676 1329 800 1388 genus
824 1326 936 1371 omne
960 1311 1090 1371 fastos

254 1413 959 1490 ,11010101111110111001011311011,

255 1516 329 1586 Qui
352 1516 594 1576 Formiarum
618 1516 778 1576 moenia
799 1516 954 1575 dicitur

317 1617 513 1693 Princeps
538 1653 575 1661 -
600 1618 799 1677 tenuisse.

120 1722 196 1781 Per
218 1720 347 1779 fastos
371 1719 553 1789 discere,
577 1726 611 1779 ut
631 1720 719 1779 Ouid.
745 1720 830 1779 ilem.
847 1720 901 1779 la:
924 1719 1048 1780 Discite
1065 1720 1181 1787 sanari,
1205 1734 1275 1794 per

122 1839 237 1899 quem
268 1821 483 1881 didicistis
512 1832 648 1882 amare“.
694 1826 729 1883 Α.
752 1824 789 1881 Α.
813 1822 862 1880 lll.
886 1823 943 1880 27:
977 1821 1090 1880 lascivi
1122 1837 1192 1896 per
1215 1837 1273 1879 me

121 1925 339 1984 discuntur
367 1934 533 1986 amores“.
564 1925 642 1985 Ciol.
668 1923 789 1986 111119
818 1942 849 2000 p.
865 1926 921 1996 δῖ’,
951 1938 1144 1982 memores
1175 1924 1276 1983 lasti

120 2034 227 2087 autem
251 2025 396 2085 dicuntur
411 2026 461 2094 11,
491 2027 637 2100 quicum
660 2026 794 2086 aliorum
818 2027 993 2086 Laudarum
1017 2025 1128 2086 laudes
1147 2026 1274 2094 habent,

120 2137 184 2189 tum
216 2144 322 2188 earum
354 2127 502 2186 virtutum
531 2134 631 2187 testes
659 2133 746 2198 sunt,
777 2128 891 2202 quibus
922 2128 993 2203 ipsa
1016 2127 1088 2198 ille,
1120 2127 1274 2203 adquam

119 2235 183 2292 hoc
206 2245 331 2290 carmen
355 2228 486 2288 missum
515 2236 580 2298 est,
615 2229 751 2290 innotuit
782 2235 814 2288 et
836 2230 965 2305 generis
987 2231 1140 2290 honorem
1164 2231 1273 2306 ampli·

120 2334 239 2398 ficauit.

205 2539 269 2598 Sed
303 2545 337 2597 ut
376 2542 480 2612 partes
518 2538 662 2611 expleam
697 2554 715 2596 a
745 2537 907 2597 lleinekio
944 2536 1191 2612 prudentissime
1228 2537 1272 2596 11-

119 2641 252 2701 choatas
276 2656 306 2714 p.
332 2639 443 2708 XVlll,
471 2656 562 2713 quam
587 2640 738 2699 maculam
761 2639 944 2714 adspersam
968 2653 1042 2697 esse
1065 2639 1171 2697 versui
1197 2640 1251 2698 10:

670 2757 757 2800 cras
780 2740 901 2800 loliis
925 2756 1058 2799 nemus

333 2843 470 2902 Multis
494 2842 648 2917 etalga
670 2842 771 2902 litus
795 2843 941 2903 inutili

395 2946 582 3005 Demissa
604 2951 827 3019 tempestas
851 2947 895 3006 ab
918 2945 1019 3006 Euro

439 3045 602 3106 Sternet

118 3152 169 3212 his
203 3149 443 3225 Peerlkampius
480 3149 648 3236 indicavit3
693 3149 808 3209 Nemus
843 3150 1029 3224 privatur
1061 3149 1168 3218 loliis,
1210 3165 1271 3208 non

118 3253 310 3321 sternitur“,
334 3267 403 3312 eam
426 3253 536 3312 eluere
559 3250 677 3312 nullius
703 3252 826 3328 negotii
845 3257 901 3310 est.
937 3251 1019 3322 Quid
1035 3247 1143 3311 enim?
1167 3267 1272 3310 10110

118 3357 189 3432 ipsa
213 3373 274 3414 vox
299 3354 455 3423 multis,
480 3353 568 3424 cujus
591 3353 826 3430 significatione
851 3353 931 3412 nihil
954 3353 1032 3427 fingi
1057 3360 1162 3428 potest
1188 3353 1272 3427 quod

35 3501 37 3510 .
117 3459 158 3518 sit
183 3465 215 3518 et
239 3456 373 3518 inertius
397 3462 429 3516 et
451 3455 607 3524 alienius,
642 3455 819 3516 certissima
842 3460 998 3528 tamquam
1022 3456 1115 3514 obses
1138 3455 1272 3516 habetur

115 3559 236 3621 fraudis
260 3561 298 3620 ab
323 3557 364 3618 iis
387 3557 564 3627 admissae,
594 3559 648 3632 qui
673 3557 755 3632 quod
780 3558 909 3616 verbum
932 3555 1081 3616 Horatius
1110 3563 1270 3632 posuerat,

115 3663 321 3726 multabit:

676 3783 762 3826 cras
785 3765 908 3825 loliis
932 3781 1068 3826 nemus

332 3865 460 3930 litante
482 3866 572 3942 alga
595 3872 624 3928 et
645 3866 745 3926 litus
770 3865 912 3926 inutili

395 3967 581 4029 Demissa
603 3973 828 4044 tempestas
851 3969 896 4027 ab
919 3967 1022 4028 Euro

437 4071 621 4139 Sternet,

116 4174 148 4234 id
178 4175 363 4250 ignorarent
392 4172 547 4232 interdum
577 4173 622 4232 ita
652 4173 743 4248 poni,
775 4178 809 4232 ut
841 4172 999 4241 „addatur
1029 4172 1187 4242 ablativus
1211 4175 1269 4244 rei,

117 4291 199 4352 quae
230 4273 395 4334 adimitur:
436 4276 606 4334 multare
640 4275 772 4343 bonis,
813 4275 1041 4335 libertate“
1079 4270 1268 4358 (8011111115.
