3052 4996
708 363 753 432 29

154 540 267 609 crede,
298 545 441 613 tempuS,
465 553 527 611 quo
552 536 689 596 invicem
712 537 864 596 moechos
888 555 965 598 unus
990 539 1098 598 sseas.“
1127 538 1244 598 Verum
1267 537 1307 596 de

153 657 194 701 eo
220 643 291 717 ipso
315 656 411 700 versu
433 635 521 721 (ll),
558 640 612 714 qui
635 639 676 698 de
700 657 760 699 anu
785 646 834 698 est
858 640 957 700 fastus
981 643 1137 717 superbos
1161 657 1307 716 passura:

325 745 503 804 Invicem
526 744 717 803 moechos
741 761 839 804 anus
863 752 1107 823 arrogantes

324 846 465 907 Flebis
490 846 528 905 in
551 846 642 906 solo
666 847 780 905 levis
806 847 1023 923 angiportu

324 947 495 1007 Thracio
519 947 743 1007 bacchante
767 947 858 1029 mugla
881 951 954 1009 sub
979 949 1087 1008 inter
1109 980 1151 993 -

412 1050 524 1109 lunia
549 1054 673 1109 vento

152 1167 247 1210 nemo
277 1151 378 1211 adhuc
409 1151 607 1227 exprompsit
636 1152 718 1225 quod
752 1150 905 1226 liqueret:
934 1153 998 1212 nisi
1031 1153 1102 1228 quis
1126 1156 1164 1214 ab
1188 1171 1227 1215 co
1252 1156 1308 1216 ali·

153 1253 230 1328 quid
259 1252 376 1312 dictum
405 1259 496 1329 putet
528 1269 616 1323 esse,
657 1254 712 1330 qui
740 1254 889 1313 bacchari
919 1255 1045 1332 magis
1075 1272 1176 1332 nuper
1206 1259 1308 1319 voluit

154 1369 228 1414 esse
251 1353 399 1414 bacchari
427 1356 735 1425 vehementius,
765 1361 818 1414 ant
850 1356 1045 1416 satisfactum
1077 1357 1308 1434 interpretandi

152 1457 285 1533 negotio
309 1458 347 1517 ab
369 1457 485 1517 Wolfio
508 1457 616 1517 Liban.
639 1457 740 1534 Epist.
767 1456 847 1516 1242
877 1476 907 1533 p.
933 1460 992 1519 589
1024 1465 1056 1518 et
1078 1459 1203 1520 Klotzio
1227 1463 1310 1538 Tyrt.

152 1580 184 1635 p.
213 1563 265 1621 111
305 1559 357 1642 (cf.
382 1561 488 1621 Barth.
518 1559 595 1620 Stat.
621 1561 718 1620 Theb.
741 1560 791 1618 lv.
824 1559 883 1619 422
913 1563 1051 1636 ploti.
1088 1562 1189 1623 Burin.
1215 1565 1307 1624 Antb.

151 1665 219 1722 Lat.
243 1663 278 1724 V.
304 1664 343 1722 lu
368 1681 397 1738 p.
415 1660 508 1744 331),
544 1663 599 1738 qui
621 1664 683 1722 hoc
705 1663 777 1722 loco
803 1662 938 1722 indicari
970 1665 1150 1734 „Thracios
1174 1666 1309 1727 insultus

152 1765 484 1824 vehementissimos“
521 1764 712 1835 docuemnt,
741 1766 793 1824 vel
817 1782 836 1824 a
859 1767 1021 1837 'lurneb0,
1052 1769 1106 1842 qui
1137 1770 1308 1838 „homines

152 1867 345 1928 libidinosos
375 1883 431 1943 per
461 1868 739 1927 intermenstruum
768 1869 787 1927 i.
812 1883 840 1926 e.
878 1883 936 1943 per
966 1876 1092 1929 ventum
1124 1877 1156 1930 et
1186 1876 1306 1948 tempe-

152 1977 268 2030 statem
299 1969 469 2042 jucundius
508 1969 668 2029 amoribus
702 1970 852 2045 perfrui“
890 1976 995 2029 narrat
1024 1971 1103 2033 Adv,
1131 1972 1237 2033 XXVI.
1269 1975 1307 2034 36

153 2092 183 2148 p.
210 2074 270 2134 alt
296 2090 342 2148 sq.
381 2073 418 2132 cf.
441 2071 589 2132 Schneid.
619 2073 778 2148 Theophr.
803 2073 834 2130 T.
860 2072 893 2129 V.
925 2091 954 2148 p.
977 2073 1046 2134 518.
1101 2073 1219 2144 Quibus
1252 2075 1308 2136 ali-

154 2181 272 2250 quanto
305 2177 374 2252 plus
404 2173 485 2234 vidit
507 2174 668 2235 Usenerus
692 2175 770 2235 Mus.
794 2175 893 2234 llhcn.
916 2176 1013 2235 XXIV
1043 2196 1071 2253 p.
1097 2179 1157 2238 310
1186 2181 1248 2239 hoc
1270 2181 1309 2239 ab

152 2278 286 2339 Horatio
310 2279 462 2354 scriplum
484 2277 585 2336 fuisse
609 2277 795 2337 arbitratus:
819 2278 951 2338 Thracio
967 2281 1139 2340 bacchante
1162 2298 1309 2359 vagans

155 2383 214 2441 suh
246 2381 416 2440 interlunia
455 2386 581 2440 vento.“
639 2378 729 2450 Quod
766 2381 927 2439 inventum
963 2383 1130 2456 quominus
1160 2386 1312 2459 probetur

154 2485 305 2559 prohibet
336 2484 387 2542 vel
417 2486 537 2543 mentio
568 2483 765 2560 angiportus.
827 2482 957 2542 Videtur
990 2489 1094 2544 autem
1130 2486 1309 2547 sententiae

153 2587 371 2664 perspicuitas
395 2587 440 2646 ita
462 2586 585 2646 demum
610 2585 716 2655 reddi,
741 2586 769 2644 si
792 2585 921 2648 tollatur
945 2586 1029 2661 quod
1052 2588 1164 2648 vitium
1180 2576 1309 2664 penitus

155 2690 275 2751 insedit
305 2705 411 2749 eornm
442 2688 593 2757 levitate,
631 2688 686 2763 qui
723 2689 845 2747 litteras
874 2695 1003 2748 manes
1039 2688 1070 2748 in
1101 2693 1227 2767 magis
1256 2688 1308 2772 (cl.

154 2791 310 2854 Schwarz.
334 2791 411 2852 Plin.
435 2791 505 2851 Pan.
532 2792 617 2860 51,2
641 2809 670 2865 p.
688 2788 765 2874 216)
788 2795 1025 2850 converterunt:

324 2894 462 2955 Flebis
486 2895 525 2954 in
549 2894 638 2954 solo
661 2893 768 2953 levis
792 2895 1015 2970 angiportu

326 2997 499 3057 Thracio
522 2997 746 3057 bacchante
770 3015 889 3061 manens
913 2999 981 3058 sub
1006 2997 1173 3057 inter-

520 3101 635 3160 lunia
657 3106 789 3160 vento.

153 3203 194 3262 Ut
218 3201 301 3263 levis
324 3221 403 3264 anus
425 3204 548 3264 dicatur
570 3204 603 3264 in
626 3203 796 3280 angiportu
819 3198 945 3283 (Catull.
971 3203 1022 3272 58,
1046 3201 1079 3286 l)
1111 3204 1163 3262 vel
1186 3203 1310 3263 furente

154 3308 258 3367 Borea
293 3323 423 3367 manens
459 3302 511 3388 (cl.
540 3307 646 3367 Afran.
682 3325 731 3383 ap.
761 3307 838 3366 Non.
862 3305 910 3366 lll.
943 3306 1019 3365 tol:
1063 3312 1235 3367 ventoso
1272 3308 1311 3366 in

155 3409 298 3492 loco“).
344 3408 427 3480 Quid
441 3409 525 3469 enim
539 3411 581 3469 sit
604 3424 783 3479 manere,
807 3409 946 3468 declarat
962 3408 1033 3483 ipse
1045 3407 1196 3469 Horatius
1213 3411 1310 3470 Carm.

155 3514 176 3571 l.
204 3514 232 3583 1,
255 3514 312 3573 25:
336 3518 468 3572 manet
491 3514 548 3572 sub
572 3513 650 3572 Jove
665 3511 783 3588 frigido
801 3512 973 3571 Venator.“
1018 3509 1125 3571 Heins.
1143 3512 1231 3572 Ouid.
1245 3515 1311 3572 Art.

157 3618 191 3676 Α.
216 3614 251 3674 ll.
277 3615 338 3674 238
369 3633 398 3690 p.
416 3615 478 3674 615
510 3621 542 3674 et
570 3615 638 3676 Val.
662 3615 760 3674 Flacc.
784 3613 819 3672 Il.
855 3614 913 3673 138
944 3631 974 3689 p.
994 3613 1061 3672 161.
1116 3614 1207 3674 Gron.
1238 3612 1311 3675 Sen.

155 3718 263 3778 Benel.
287 3717 335 3777 ΙΙΙ.
363 3718 399 3777 17
431 3737 460 3794 p.
483 3719 540 3778 156
572 3718 609 3776 cl.
633 3716 731 3778 Scriv.
755 3713 889 3776 Martial.
915 3714 963 3775 ΙΙΙ,
989 3715 1029 3774 18
1060 3718 1154 3792 193.
1206 3718 1310 3777 Barth.

155 3819 231 3880 Stat.
255 3820 353 3879 Theb.
368 3821 402 3878 ll.
429 3821 488 3880 593
513 3821 627 3895 1538.
672 3821 788 3879 Verum
811 3821 892 3879 haec
915 3825 946 3877 et
970 3817 1049 3878 talia
1070 3820 1199 3880 nomina
1222 3835 1311 3879 aver-

156 3924 217 3983 sati
242 3923 368 3999 quidam
397 3925 516 3983 malent
546 3923 668 3983 laudari
692 3928 864 3983 nostratem
890 3921 959 3993 ejus
981 3922 1118 3982 fabellae
1141 3927 1313 3993 auctorem,

156 4043 238 4101 quae
259 4026 367 4086 Puella
390 4028 430 4087 de
454 4028 552 4088 Ponte
577 4027 666 4086 Novo
690 4025 881 4087 inscribitur.

243 4128 332 4199 Quod
356 4135 520 4205 superest:
556 4129 707 4190 Lehrsius
737 4147 766 4205 p.
790 4128 850 4188 LV.
881 4146 910 4203 p.
935 4128 975 4187 29
1009 4127 1049 4185 de
1077 4143 1157 4186 voce
1186 4126 1316 4205 magis

156 4231 236 4291 nihil
261 4231 469 4292 dubitationis
494 4231 610 4303 injecit.
648 4229 710 4290 Sed
741 4234 831 4299 15,
863 4247 924 4305 quo
953 4230 1054 4289 fastus
1083 4231 1212 4306 puellae
1236 4231 1315 4292 indi-

157 4341 292 4406 caretur,
311 4336 457 4411 scripsit:
483 4351 564 4409 [puae
583 4335 671 4410 prius
694 4334 806 4394 nulli
830 4334 947 4394 facilis
971 4337 1138 4395 movebas
1155 4333 1311 4395 cardines‘
