3052 4996
679 371 721 441 35

114 545 151 614 b,
185 543 234 602 12.
290 543 390 618 Epist.
422 541 539 602 XXXll.
571 545 588 602 l
626 543 761 605 obivit
808 546 845 604 cl.
881 547 1004 606 Lachm.
1033 549 1154 608 Lucret.
1187 551 1207 609 l.
1238 553 1277 610 92

115 665 151 722 p.
182 647 233 705 23.

650 811 751 907 XIX.

86 1045 90 1050 ,
176 975 178 980 '
208 969 256 1028 De
279 967 377 1044 Epod.
402 966 465 1026 XV.
490 967 634 1027 versibus
659 969 676 1028 t
701 984 784 1042 sqq.:

185 1072 281 1132 Dum
303 1069 444 1145 pecori
467 1069 584 1145 lupus
608 1076 648 1128 et
670 1070 806 1129 naulis
832 1069 1012 1130 inlestus
1037 1073 1159 1135 Orion

275 1168 442 1234 Turbarlt
464 1171 677 1231 hibernum
701 1187 804 1230 mare

187 1277 464 1347 intonsosque
488 1271 640 1349 agitarlt
663 1273 880 1349 Apollinis
904 1291 1000 1335 aura
1022 1279 1220 1352 capillos,

275 1375 376 1435 Fore
399 1375 502 1435 hunc
525 1391 694 1435 amorem
717 1382 887 1436 mutuum

121 1481 179 1554 qui
196 1478 433 1553 quaesiverunt,
457 1477 539 1537 nihil
556 1477 779 1547 enucleatum,
805 1496 867 1553 qno
891 1479 931 1538 ad
953 1480 1024 1540 veri
1042 1480 1275 1558 indagationem

120 1582 341 1658 proficeretur.
395 1579 485 1640 Unde
512 1581 628 1640 lactum
654 1585 719 1649 est,
749 1587 783 1640 ut
815 1581 853 1640 ad
882 1599 982 1645 novas
1013 1584 1162 1658 quasdam
1193 1593 1278 1646 artes

121 1683 178 1744 illa
219 1683 325 1755 justae
368 1682 613 1758 disceptationis
656 1683 805 1743 molestia
841 1699 877 1742 se
915 1684 1109 1760 expediendi
1146 1687 1277 1750 descen·

122 1787 235 1846 derent
263 1785 504 1860 Peerlkampius
537 1791 569 1844 et
598 1786 766 1845 Lelrrsius:
799 1803 930 1860 quorum
960 1786 1016 1845 ille
1046 1788 1134 1863 ipsos
1165 1806 1277 1852 versus

123 1895 151 1952 9.
178 1891 232 1950 10:
278 1887 468 1948 Turbarit
500 1920 541 1932 —·
572 1888 750 1963 capillos
791 1888 952 1948 tollendos
988 1891 1128 1960 censuit,
1166 1891 1219 1951 hic
1248 1912 1277 1968 p.

123 1990 279 2052 CXXXIV.
312 2008 341 2065 p.
359 1991 417 2050 157
450 1991 560 2049 statuit
592 1989 794 2049 intercidisse
826 2007 894 2048 cum
926 1989 1101 2050 dimidiatis
1135 1993 1277 2067 partibus

123 2109 271 2153 versuum
295 2093 312 2151 1
339 2099 370 2151 et
394 2094 412 2153 a
437 2093 541 2168 ipsum
565 2109 636 2152 enm
661 2108 802 2161 versum,
827 2092 882 2166 qni
905 2091 1029 2152 medius
1052 2092 1181 2153 luisset:

188 2196 282 2256 Dum
306 2194 447 2270 pecori
470 2195 591 2270 lupus
637 2239 937 2254 .....

347 2444 352 2455 .
420 2441 426 2454 .
473 2399 671 2458 etnautis
702 2399 1020 2460 infestusOrion

273 2501 464 2560 'lurbarit
488 2501 682 2561 infestum
706 2517 828 2585 mare,

188 2602 460 2678 lntonsosque
483 2603 657 2679 agitarit
680 2604 890 2679 Apollinis
914 2618 1008 2661 aura
1031 2605 1277 2679 capillos—.

123 2705 188 2763 llos
220 2704 347 2779 quidam
378 2705 494 2781 exiguo
527 2712 644 2766 conatu
676 2713 706 2764 et
735 2704 889 2780 proclivi,
918 2709 951 2764 ut
982 2705 1125 2779 pluribus
1156 2706 1278 2768 dicetur

124 2805 271 2866 Emendd.
296 2807 385 2883 Prop.
412 2806 444 2866 V.
470 2807 499 2876 2,
523 2821 636 2884 aegras
662 2814 767 2883 partes
790 2793 935 2866 videmur
957 2807 1126 2866 reiecisse:

188 2909 282 2969 Dum
306 2910 449 2986 pecori
473 2911 592 2985 lupus
616 2916 654 2969 et
678 2911 817 2970 nautis
840 2909 1021 2969 infestus
1046 2911 1189 2981 Orion,

277 3013 436 3074 'turbare
459 3019 489 3074 et
511 3013 720 3073 hibernum
742 3028 847 3074 mare

190 3114 467 3189 Intonsosque
492 3115 629 3190 agitare
651 3115 675 3177 n
697 3116 913 3192 Apollinis
936 3131 1030 3174 aura
1052 3114 1241 3190 capillos.

126 3217 165 3277 Ut
190 3215 347 3276 indicetur
370 3232 465 3276 aurae
492 3212 653 3297 (euntis
677 3218 857 3278 Nemesion.
882 3218 957 3292 Cyn.
976 3218 1045 3278 ²77.
1068 3213 1278 3292 situlam)

125 3322 186 3380 troc
216 3334 306 3388 esse,
337 3326 369 3378 ut
401 3325 433 3377 et
461 3317 629 3379 hibernum
658 3337 744 3379 mare
774 3321 878 3380 turbet
908 3326 939 3379 et
961 3317 1139 3396 Apollinis,
1169 3324 1204 3377 ut
1234 3318 1279 3378 ait
1355 3299 1358 3307 ¹

125 3421 308 3482 Sarbievius
333 3421 381 3480 lV.
406 3422 446 3481 26
479 3437 510 3496 p.
536 3422 613 3491 182,
644 3439 749 3482 comas
775 3423 878 3482 libera
900 3423 1056 3496 persultet
1085 3420 1124 3479 cf.
1147 3421 1277 3480 Theocr.

125 3525 164 3584 V.
188 3526 241 3584 91:
264 3519 384 3604 λιπαρὰ
409 3524 444 3586 δὲ
466 3517 532 3609 παῤ
555 3518 671 3606 αὐχένα
694 3518 786 3588 σείετ’
809 3521 923 3605 ἔθειρα
952 3519 1019 3604 (cui
1051 3524 1121 3583 loco
1145 3541 1208 3583 non
1232 3523 1278 3582 in-

126 3624 227 3685 tendit
249 3625 507 3706 Peerlkampius).
553 3627 663 3688 Valck.
686 3628 757 3688 Eur.
781 3626 874 3702 Hipp.
899 3627 957 3686 201
985 3643 1016 3702 p.
1036 3626 1107 3685 185.
1152 3624 1276 3685 Mitsch.

126 3728 175 3788 lll.
200 3728 250 3796 20,
279 3729 313 3787 ll
352 3729 471 3802 pact.
524 3730 610 3790 Clav.
642 3729 803 3790 Claudian.
835 3730 884 3790 lll.
918 3730 949 3789 C.
982 3727 1060 3788 llon.
1087 3730 1125 3788 36
1162 3745 1192 3803 p.
1212 3728 1277 3786 llll.

128 3828 266 3889 Strictim
288 3836 393 3890 autem
416 3832 568 3909 attingam
592 3848 657 3891 rem
680 3834 717 3893 ab
741 3831 968 3907 interpretibus
983 3830 1142 3890 omissam.
1180 3829 1278 3888 Recte
1339 3843 1343 3852 ·

129 3932 211 3991 enim
234 3929 313 3990 dici:
348 3933 420 3992 dum
452 3933 563 4009 pecori
596 3931 689 4008 lupus
720 3933 853 3993 infestus
886 3939 946 3992 est
977 3937 1009 3990 el
1037 3915 1164 4014 turbare
1195 3944 1279 3988 mare

128 4051 202 4094 aura
224 4033 273 4103 it,
302 4034 371 4094 fore
395 4051 534 4094 amorem
557 4043 696 4096 mutuum
706 4045 723 4069 “
756 4036 915 4096 declarant
943 4035 996 4092 vel
1019 4031 1118 4092 Silius
1142 4031 1177 4088 X.
1203 4032 1279 4092 526:

129 4137 248 4196 socium
272 4136 413 4197 mandari
437 4153 570 4211 corpora
593 4145 713 4208 terrae,
745 4138 875 4197 Postera
897 4153 966 4196 cnm
988 4134 1135 4194 thalamis
1157 4134 1280 4194 Aurora

129 4237 292 4299 rubebit
315 4239 453 4313 apertiS,
483 4239 645 4314 imperat“
670 4245 702 4297 et
725 4239 851 4297 tacitus
876 4241 954 4298 Arm.
975 4235 1038 4296 XV.
1064 4239 1116 4297 59:
1157 4235 1278 4307 Quanto

129 4339 319 4402 laudabilius
342 4340 532 4413 periturum,
554 4340 626 4399 dum
649 4340 912 4415 amplectitur
934 4339 1193 4415 rempublicam.“

1078 4438 1124 4509 3*
