3030 4984
700 466 702 470 Α
776 343 839 423 llo

731 553 893 649 lxxvi.

323 731 424 790 Verba
449 726 590 799 ejusdem
613 726 760 788 carminis
784 723 826 808 (v.
853 727 901 811 5):

407 831 447 891 Si
470 830 532 910 flglt
554 828 837 890 adamantinos

448 933 614 994 Summis
637 929 792 1014 1111111611
814 932 903 992 dira
924 931 1165 992 Necessitas

404 1036 551 1096 Glavos

237 1143 269 1202 in
284 1139 444 1202 diversum
460 1139 629 1198 etiamnum
643 1137 785 1197 trahunt:
809 1135 994 1212 quibusdam
1011 1136 1095 1195 enim
1120 1135 1280 1206 „summis
1295 1137 1388 1195 verti-

236 1245 325 1304 cibus
348 1242 379 1301 id
404 1247 453 1301 cst
476 1240 633 1316 capitibus
664 1254 723 1297 seu
753 1238 832 1297 viris
863 1239 971 1298 clavos
1001 1256 1077 1298 suos
1107 1238 1309 1299 firmissimos
1332 1237 1387 1297 Ne-

237 1345 371 1406 cessitas
400 1344 457 1404 lati
493 1341 650 1418 adigere“
687 1340 831 1410 videtur,
865 1346 899 1400 ut
923 1338 1173 1401 lllitscherlichio
1207 1341 1390 1416 Bothioque

235 1467 265 1525 p.
283 1449 338 1519 533
374 1443 538 1515 Bentlejus
568 1441 682 1503 merito
713 1449 877 1502 aversatus
905 1442 986 1502 hanc
1017 1443 1199 1517 explicandi
1233 1443 1389 1503 rationem

177 1599 180 1603 .
237 1557 270 1610 ct
285 1548 339 1624 qui
355 1544 687 1623 sequiturBentlejum
706 1544 865 1604 laudatum
883 1544 979 1605 ctiam
993 1545 1249 1620 wyttenbachio,
1275 1545 1389 1606 Antius

236 1651 383 1728 Spurinn.
406 1667 435 1725 p.
451 1651 490 1711 66
513 1649 594 1708 hacc
616 1647 833 1723 praecipiunt:
856 1647 985 1708 summis
1001 1647 1174 1708 verticibus
1198 1653 1248 1707 est
1263 1646 1389 1708 dativus

236 1754 257 1814 i.
276 1769 302 1812 e.
332 1767 434 1826 usque
464 1748 503 1810 ad
532 1750 637 1826 capita
666 1749 697 1808 id
728 1755 777 1808 est
805 1747 986 1809 firmissime
1024 1765 1080 1809 eos
1111 1751 1320 1827 constringit,
1357 1757 1390 1810 ut

236 1853 377 1932 effugere
399 1859 602 1928 nequeant“;
637 1850 804 1912 Dacierius
835 1857 866 1909 et
888 1850 1126 1927 Peerlkampius
1150 1852 1298 1912 villarum
1327 1853 1388 1912 cul-

125 2013 128 2020 .
234 1958 319 2018 mina
342 1955 481 2033 intelligi
503 1955 621 2015 volunt.
674 1954 731 2013 Cui
754 1952 934 2013 sententiae
957 1971 1102 2030 magnum
1131 1953 1289 2030 quoddam
1314 1972 1388 2030 pon·
1495 1961 1496 1976 ¹

236 2062 294 2120 dus
317 2058 429 2120 afferre
452 2058 591 2118 dicerem
623 2056 674 2115 vel
705 2071 813 2114 vocam
845 2055 1019 2115 molibus
1052 2073 1147 2131 supra
1168 2054 1388 2127 conjectatam,

236 2165 264 2223 si
287 2179 344 2239 par
368 2175 440 2219 esse
463 2173 591 2233 possem
613 2157 820 2228 dubitationi,
852 2174 945 2232 quarn
976 2177 1038 2219 non
1062 2166 1177 2220 motam
1201 2176 1219 2219 a
1241 2158 1387 2230 Bentlejo

236 2265 370 2325 necdum
391 2280 416 2322 a·
433 2277 590 2335 quoquam
620 2266 797 2336 exemptam
825 2261 922 2320 habet
952 2279 1015 2322 vox
1045 2262 1214 2322 summis.
1268 2261 1388 2332 Quanta
1496 2341 1497 2346 ἵ

237 2367 320 2428 enirn
343 2365 459 2426 inertia
481 2361 726 2440 significationis
748 2363 883 2439 ignavae
899 2369 994 2438 atque
1009 2364 1089 2426 adeo
1106 2363 1230 2424 inutilis
1251 2365 1282 2423 in
1306 2365 1387 2432 loco,

237 2469 291 2544 qui
320 2465 488 2527 dissimilis
518 2471 566 2523 est
598 2465 743 2524 Ciceroni
767 2464 857 2526 Rosa.
883 2466 966 2525 Corn.
991 2469 1025 2525 l:
1061 2468 1099 2527 ab
1130 2467 1203 2527 imis
1233 2467 1390 2544 unguibus

235 2586 338 2647 usque
360 2569 400 2630 ad
422 2567 619 2628 verticem
642 2576 856 2628 suminum“
882 2573 913 2626 et
935 2569 1010 2629 aliis
1033 2588 1082 2646 ap.
1106 2571 1207 2630 Burm.
1229 2568 1391 2630 Claudian.

234 2670 442 2734 1116111162
467 2688 497 2746 p.
514 2670 551 2730 71
576 2676 607 2729 et
621 2670 833 2730 Buenernann.
846 2670 984 2729 Lactant.
1001 2671 1082 2746 Opil.
1096 2671 1132 2732 D.
1146 2669 1241 2731 vino
1266 2689 1295 2746 p.
1312 2670 1390 2731 1166
1497 2669 1498 2674 ’

235 2777 273 2835 cf.
297 2775 368 2836 Sen.
395 2777 501 2850 Agam.
526 2755 603 2834 509:
644 2773 762 2833 Lumen
785 2807 826 2816 —
849 2772 972 2831 vertice
1010 2788 1028 2832 e
1058 2790 1177 2834 summo
1215 2772 1391 2842 efferens“,

236 2876 352 2938 similis
375 2874 543 2952 Symposio
565 2873 709 2952 Aenigm.
733 2873 821 2934 LVII.
838 2875 872 2934 2:
898 2875 1012 2933 Clavus
1036 2873 1200 2951 caligaris:
1220 2867 1390 2936 ‘Vertice

234 2987 330 3056 tango
355 2973 509 3042 solum“?
556 2977 665 3051 ltaque
689 2992 727 3037 eo
751 2977 859 3052 potius
882 2977 1013 3037 inclinat
1035 2975 1176 3047 animus,
1201 2983 1236 3036 nt
1259 2979 1389 3038 summis

235 3080 487 3157 porticibus,
511 3095 573 3137 non
596 3077 828 3138 verticibus
860 3079 968 3138 clavos
991 3079 1073 3139 finos
1096 3080 1215 3140 narrari
1239 3079 1389 3140 arbitrer:

234 3182 377 3259 porticus
401 3180 485 3240 enim
507 3180 699 3240 mentionem
722 3181 796 3239 huic
818 3181 889 3240 loco
915 3182 968 3240 vel
989 3181 1126 3242 maxime
1145 3189 1389 3244 consentaneam

236 3299 311 3344 csse
334 3290 367 3342 et
389 3281 512 3341 Seneca
534 3279 652 3342 indicat
674 3281 772 3356 Epist.
796 3281 851 3344 89:
881 3300 1047 3359 quousque
1071 3285 1176 3344 nullus
1207 3285 1269 3345 erit
1292 3286 1388 3354 lacus,

236 3386 287 3447 cui
311 3404 371 3464 non
395 3384 587 3445 villarum
609 3391 783 3445 vestrarum
806 3385 981 3462 fastigia
1004 3384 1241 3448 immineant“?
1266 3395 1299 3448 et
1322 3386 1386 3448 Sto-

234 3488 297 3548 tius
320 3493 454 3548 testatur
475 3486 553 3546 Silv.
569 3488 605 3546 11.
622 3488 650 3557 2,
667 3488 706 3547 26
722 3504 784 3563 sq:
813 3486 892 3548 Mira
915 3489 1007 3563 quies
1030 3490 1139 3567 pelagi
1162 3522 1202 3533 -
1226 3489 1304 3550 lnde
1332 3504 1388 3567 per

235 3591 381 3666 obliquas
406 3590 509 3667 erepit
532 3591 716 3664 porticus
739 3605 840 3659 arces,
863 3589 956 3653 Urbis
975 3601 1086 3669 opus.“
1122 3591 1387 3664 Quemadmodum

234 3693 332 3772 igitur
368 3691 558 3769 Proserpina
593 3709 707 3754 nomen
737 3694 875 3754 hominis
910 3694 1054 3755 morituri
1091 3697 1122 3756 in
1152 3701 1273 3772 poste
1304 3695 1385 3771 apud

234 3797 354 3856 inferos
370 3801 508 3855 notare“
532 3794 631 3854 fertur
648 3794 816 3877 (llythogr.
832 3796 881 3856 111.
897 3801 926 3866 6,
944 3798 978 3858 11
1005 3815 1034 3874 p.
1052 3799 1167 3869 226,1.
1192 3796 1297 3858 Barth.
1310 3797 1385 3858 Stat.

233 3898 331 3959 Theb.
351 3895 430 3955 Vlll.
459 3898 495 3957 16
527 3893 673 3978 11189),
704 3896 748 3956 ita
778 3897 960 3959 Necessitas
989 3906 1145 3975 tamquam
1176 3899 1307 3976 imperii
1337 3899 1385 3958 sni

234 4001 359 4078 signum
382 3999 489 4059 clavos
518 3999 550 4059 in
581 4000 710 4060 summis
739 4001 914 4076 porticibus
943 4001 1056 4062 fixisse
1078 4001 1166 4061 credi
1188 4002 1305 4078 potuit.
1349 4001 1386 4062 Et

233 4102 284 4161 his
309 4101 437 4175 quidem
458 4101 599 4163 rationes
628 4103 666 4163 ab
696 4101 770 4163 aliis
800 4110 930 4179 coeptas
957 4103 1036 4164 satis
1060 4103 1277 4180 explicavisse
1299 4102 1386 4163 vide-

233 4203 352 4272 bimur,
386 4204 416 4262 si
438 4203 515 4263 illud
538 4202 748 4275 adjecerimus
778 4206 871 4266 etiam
901 4206 1048 4266 homines
1070 4214 1139 4280 τοῖς
1159 4209 1253 4279 θεοῖς
1274 4227 1384 4287 προςη-

232 4303 391 4384 λωμένους
419 4306 482 4365 dici
514 4322 532 4365 a
561 4307 681 4367 loanne
711 4308 871 4384 chrysost.
905 4316 1013 4368 contra
1034 4308 1156 4385 ludsp.
1174 4295 1241 4369 181'.
1278 4309 1384 4369 lllatth.
