3026 4988
667 373 725 444 nr

653 575 731 672 111.

203 752 270 812 Nec
292 750 396 811 miuus
420 749 535 808 leviter
558 747 642 810 idem
657 749 808 810 Lehrsius
834 757 977 812 versatus
1001 759 1049 811 est
1073 752 1104 813 in
1129 752 1270 824 ejusdem

109 855 266 916 carminis
290 869 386 912 versu
409 852 464 912 21:

245 953 347 1018 11111111
370 971 534 1030 magnos
557 951 631 1024 jam
653 951 798 1012 videor
820 953 944 1014 duces

244 1057 327 1117 Non
352 1056 544 1115 indecoro
569 1056 742 1131 pulvere
766 1055 975 1126 sordidos,

307 1159 352 1218 Et
375 1163 739 1218 cunctator1·arum
767 1158 934 1217 subacta

350 1260 518 1319 Praeter
543 1263 723 1326 atrocem
744 1260 912 1318 animum
936 1260 1120 1330 Catonis,

111 1379 209 1439 quern
238 1379 365 1422 versum
394 1377 413 1420 a
442 1361 619 1420 Ritschelio
649 1375 726 1418 vere
762 1361 794 1419 iu
831 1361 914 1420 hunc
941 1360 1066 1421 modurn
1096 1367 1270 1421 correctum

111 1481 190 1525 esse
221 1465 266 1524 ait
296 1483 324 1539 p.
348 1463 456 1524 LXXV
486 1468 517 1522 et
549 1480 577 1538 p.
602 1463 659 1521 ta:
705 1459 859 1521 Sudore
897 1479 1027 1538 magnos
1054 1461 1118 1533 jam
1146 1460 1268 1523 video

110 1568 245 1628 duces.“
297 1566 428 1626 Scilicet
454 1567 516 1624 hoc
545 1564 661 1634 deluit,
696 1570 729 1622 ut
747 1561 792 1622 ‘et
821 1565 996 1624 Ritschelio
1027 1571 1190 1641 acceptum
1221 1582 1267 1626 re-

110 1670 267 1738 ferretur,
300 1667 383 1742 quod
412 1666 608 1726 Ritsctrelius
639 1673 816 1741 sumpserat
839 1683 857 1726 a
879 1666 1112 1742 Peerlkampio,
1136 1673 1168 1726 et
1191 1669 1268 1729 artis

111 1772 246 1831 criticae
274 1769 306 1828 id
337 1774 558 1844 praeceptum,
590 1768 674 1842 quod
703 1767 910 1828 Schraderum
938 1770 1083 1829 tenuisse
1104 1769 1198 1830 modo
1222 1771 1268 1830 vi-

111 1874 236 1942 dimus,
266 1871 483 1948 negligeretur
515 1875 546 1928 et
577 1871 638 1928 hoc
666 1869 908 1946 elegantissime
935 1871 1050 1931 tactum
1080 1886 1154 1930 esse
1185 1870 1268 1942 judi-

112 1981 256 2044 caretur,
289 1979 323 2031 ut
353 1973 384 2031 in
415 1973 474 2032 hac
503 1971 667 2030 sententia
684 1970 833 2032 Horatius
864 1972 1040 2032 desineret:
1078 1971 1173 2033 video
1205 1991 1268 2032 su·

113 2078 262 2137 dantes
290 2091 454 2151 magnos
483 2072 604 2131 duces
636 2088 809 2148 omnesque
839 2079 966 2150 praeter
994 2075 1144 2134 Catonern
1174 2076 1266 2133 subae

111 2183 263 2240 actos.“
298 2178 407 2250 ltaque
431 2173 486 2234 isti
510 2189 566 2248 per
588 2190 638 2234 me
661 2175 737 2234 licet
761 2177 971 2246 commutor,
995 2176 1085 2252 quod·
1098 2177 1161 2252 ipsi
1179 2192 1263 2253 egre-

111 2283 165 2359 gie
196 2280 305 2340 hercle
335 2278 499 2337 sudarunt:
539 2276 631 2337 nobis
662 2291 719 2345 rsa,
758 2292 839 2352 quae
877 2276 967 2336 libris
1005 2278 1129 2353 prodita
1158 2295 1268 2353 parum

113 2390 201 2444 recte
226 2385 380 2457 ceperunt
402 2382 505 2440 Acron
528 2384 559 2438 et
582 2379 795 2455 Porphyrion,
819 2379 920 2439 tribus
944 2378 1094 2457 gradibus
1119 2381 1267 2441 videntur

112 2483 293 2546 dirimenda
316 2483 382 2542 his:
411 2481 474 2553 jam
503 2499 584 2541 nunc
612 2499 767 2542 murmure
798 2498 947 2541 cornuum
971 2487 1002 2540 et
1025 2482 1174 2566 lituorum
1197 2499 1265 2558 per-

113 2588 245 2664 stringis
275 2600 368 2645 aures
402 2583 502 2665 (quod
532 2589 580 2643 est
611 2583 813 2644 commissi
843 2583 995 2657 proelii
1020 2581 1170 2661 signum);
1203 2583 1267 2655 jam

111 2691 218 2766 fulgor
240 2703 396 2748 annorum
418 2685 549 2762 fugaces
572 2692 669 2744 terret
701 2700 800 2760 equos
827 2686 1032 2759 equitumque
1056 2685 1161 2744 vultus
1183 2684 1266 2765 (qui-

111 2795 170 2853 bus
204 2791 310 2850 verbis
342 2786 475 2848 indicari
504 2794 636 2863 apparet
666 2787 909 2847 inclinatam
935 2785 1011 2857 jam
1041 2786 1166 2846 aciem
1188 2787 1265 2847 Plut.

112 2897 202 2955 Caes
223 2896 271 2954 45.
304 2891 457 2972 Polpaen.¹
476 2889 552 2948 VIll.
576 2890 626 2959 23,
650 2891 700 2950 25.
739 2886 875 2950 Meinek.
905 2903 934 2962 p.
958 2886 1044 2971 llll);
1083 2886 1146 2958 iarn
1176 2892 1267 2950 sub·

112 3003 230 3057 actos
254 3009 329 3053 esse
352 2992 473 3051 duces
495 3009 626 3068 magnos
649 2999 852 3066 terrasque
876 3005 985 3050 omnes
1009 2992 1209 3064 pronuntias:

348 3091 451 3156 ludlrc
473 3110 636 3170 magnos
657 3093 732 3164 jam
757 3092 903 3152 videor
925 3093 1048 3152 duces

352 3197 430 3261 Non
455 3195 648 3257 indecoro
676 3198 844 3272 pulvere
868 3193 1023 3256 sordidos

410 3301 443 3360 tlt
465 3306 603 3358 cuncta
625 3306 820 3358 terrarum
843 3299 1017 3358 subacta.

113 3404 194 3476 Quid
226 3403 312 3462 enim
334 3402 435 3478 magis
459 3407 706 3461 consentaneum
728 3400 787 3458 fuit
812 3415 904 3474 quam
926 3397 1042 3456 victori
1065 3398 1111 3456 ita
1133 3396 1266 3472 gloriam

114 3506 243 3583 quaeri,
272 3509 306 3563 ut
335 3505 431 3563 duces
462 3503 599 3563 hostiles
630 3510 661 3563 et
690 3501 807 3561 bellica
837 3499 931 3558 laude
960 3496 1141 3574 dignissimi
1164 3498 1265 3555 luisse

113 3608 296 3667 dicerentur
326 3612 357 3664 et
387 3605 540 3665 acerrime
571 3611 679 3664 eontra
707 3596 906 3662 tetendisse?
939 3601 1000 3659 huc
1030 3599 1113 3658 euim
1143 3600 1265 3671 spectat

115 3711 170 3770 illa
200 3706 391 3784 pulveris
422 3724 497 3766 non
526 3705 713 3765 indecori
743 3705 877 3774 mentio,
915 3719 1006 3779 quarn
1036 3707 1067 3759 et
1095 3698 1151 3758 alii
1176 3713 1264 3756 usur-

114 3816 243 3886 pamnt‚
280 3825 360 3882 quos
389 3808 560 3868 attulerunt
590 3807 758 3868 Gevartius
787 3805 862 3867 Stat.
887 3806 964 3866 Silv.
979 3805 1032 3863 l.l
1065 3820 1095 3877 p.
1111 3801 1160 3859 at.
1183 3800 1210 3858 Α
1234 3803 1266 3855 et

115 3911 304 3973 Arnlzcnius
337 3909 413 3970 Plin.
445 3909 517 3968 Pan.
542 3909 627 3978 13,1
665 3927 694 3984 p.
716 3909 773 3979 69,
810 3915 841 3967 et
870 3909 1005 3982 scriptor
1027 3905 1096 3964 ltin.
1119 3902 1210 3963 Alex.
1224 3899 1264 3956 28

114 4035 142 4092 p.
161 4017 213 4074 18:
246 4014 319 4088 ipse
341 4013 396 4071 ubi
419 4013 538 4071 Tarson
561 4009 738 4080 invehitur,
772 4008 887 4070 sudore
915 4015 946 4067 et
976 4009 1148 4083 pulvere
1172 4002 1264 4061 miles

116 4119 265 4178 decens
295 4116 404 4174 labore
434 4120 466 4173 et
495 4115 617 4174 honore
644 4113 745 4189 regali
770 4112 908 4187 Cydnum
939 4125 1061 4187 amnem
1090 4108 1205 4169 videt“
1233 4107 1264 4160 el

115 4218 289 4280 Eumenius
319 4235 376 4292 pro
405 4217 491 4276 Rest.
520 4215 623 4276 Schol.
649 4215 678 4285 2,
701 4217 735 4272 l:
774 4214 827 4273 hic
857 4211 972 4272 sudore
1002 4217 1033 4269 et
1064 4212 1154 4285 quasi
1177 4212 1264 4287 pul-

116 4338 210 4382 vere
241 4319 449 4389 sordidus,
483 4318 550 4380 illie
580 4316 715 4399 insignis
745 4321 855 4378 ornatu
884 4313 1028 4375 laudatur
1057 4318 1190 4374 orator“
1227 4315 1264 4374 cf.
