3026 4988
755 347 819 419 126

208 521 306 590 locis,
331 537 410 597 quos
435 520 467 580 in
491 519 628 579 medium
651 517 812 580 attulimus
835 519 924 596 Valg.
938 535 970 593 p.
986 520 1046 579 403
1062 537 1128 595 sq,
1150 519 1266 595 quibus
1282 520 1367 581 locis

207 621 269 693 jam
292 619 410 682 addere
433 622 509 682 licet
532 621 677 682 Ovidium
700 619 940 682 assalliret:
976 622 1158 696 quicunque
1179 623 1270 683 nefas
1293 622 1368 682 ausi

208 721 453 800 prohibente
490 722 655 783 deorum
688 721 856 782 Numine
890 723 1070 798 polluerant
1099 723 1285 784 Pontificale
1315 741 1367 784 ca-

206 831 297 900 put.“
320 823 700 885 PrudentHamartlll:
726 822 812 893 erod
838 823 1086 899 prohibente
1109 825 1183 884 deo
1202 825 1367 900 persuasit

208 928 340 989 callidus
364 929 508 1004 anguis.“
544 926 636 987 Grou.
667 924 917 1002 Syll.'Epist.ll.
941 944 971 1001 p.
990 930 1059 987 554.
1091 929 1127 988 cl.
1152 927 1208 988 Sil.
1231 926 1267 986 ll.
1293 929 1368 987 383.

207 1031 272 1090 Noc
301 1029 342 1088 de
372 1028 516 1089 versibus
545 1046 573 1085 v.
591 1029 628 1088 21
647 1044 732 1103 sqq,
769 1043 849 1101 quos
879 1026 1032 1103 Hauptius
1069 1045 1196 1104 quoque
1231 1028 1366 1089 Horatio

208 1131 294 1192 dcmi
314 1130 424 1201 jussit,
449 1130 496 1190 sic
520 1129 698 1204 quaesitum
720 1134 786 1197 est,
809 1134 844 1188 ut
866 1128 968 1198 idem,
994 1130 1077 1205 quod
1092 1131 1186 1205 apud
1209 1129 1367 1190 Senecam

209 1235 314 1293 Octav.
339 1232 396 1292 981
430 1229 563 1307 legitur:
599 1231 680 1290 civis
704 1229 821 1306 gaudet
843 1230 941 1290 Roma
964 1242 1115 1301 cruore“,
1153 1234 1192 1292 ab
1215 1231 1366 1293 Horatio:

208 1336 321 1395 cives
344 1333 509 1394 acuisse
531 1333 707 1391 ferrum“
738 1347 776 1392 ea
798 1332 956 1392 brevitate
985 1332 1103 1393 dictum
1134 1349 1208 1394 esse
1232 1333 1364 1394 demon-

209 1442 378 1503 straretur,
413 1451 474 1509 qua
495 1451 587 1493 usum
610 1432 754 1492 videmus
777 1432 911 1493 Statium
933 1433 1093 1494 Thele.
1114 1439 1168 1496 99:
1191 1435 1368 1495 fratrum

209 1535 446 1613 stringendi
468 1534 610 1595 cominus
634 1542 783 1608 ensqs“
808 1541 839 1593 et
863 1533 883 1593 1.
910 1536 986 1596 151:
1018 1538 1102 1597 nuda
1125 1543 1270 1610 potestas
1295 1539 1367 1597 Ar-

208 1637 334 1700 mavit
352 1637 366 1697 i
371 1642 520 1697 ratres:
536 1643 643 1713 pugna
655 1642 704 1695 est
716 1635 756 1694 de
770 1652 911 1712 paupere
924 1648 1056 1714 regno.“
1079 1637 1232 1698 Senecam
1247 1639 1366 1700 Phoen.

210 1743 287 1801 340:
322 1738 435 1816 Agite,
466 1753 648 1814 opropago
673 1738 775 1808 clara,
799 1739 980 1799 —Ferte
1004 1749 1136 1802 arma“
1159 1740 1195 1800 cf.
1219 1741 1325 1801 Manil.
1342 1739 1365 1800 1.

210 1845 285 1905 912:
320 1841 555 1918 Imperiumque
585 1840 652 1900 suis
675 1838 817 1899 conflixit
841 1840 962 1900 viribus
986 1842 1129 1918 ipsum“,
1159 1842 1259 1913 alios,
1284 1859 1366 1918 quos

208 1945 314 2006 attulit
336 1941 390 2019 qui
413 1943 476 2003 ista
497 1945 529 2002 L.
544 1941 704 2001 llluelleri:
729 1941 939 2003 cecidisse
961 1943 1075 2004 ferro“
1099 1950 1132 2004 et
1155 1945 1279 2021 Jeepii:
1304 1963 1366 2005 ra·

210 2047 357 2124 puisse
372 2045 515 2104 ferrum“
535 2048 711 2105 commenta
724 2044 865 2120 graviter
878 2043 941 2115 jam
955 2045 1145 2116 confutavit,
1164 2047 1367 2106 Duentzerus

208 2148 317 2209 Annal.
348 2146 425 2206 Nov.
450 2145 561 2204 Philol.
595 2146 675 2205 1870
708 2164 737 2222 p.
753 2147 813 2206 854
835 2162 881 2221 sq.
934 2146 1010 2207 Eam
1039 2154 1144 2208 autem
1175 2148 1365 2208 brevitatem

208 2250 344 2310 maxime
373 2247 570 2323 probabilem
598 2247 717 2307 faciunt
746 2248 835 2324 ipsa,
872 2264 954 2323 quae
989 2250 1061 2309 loco
1099 2249 1246 2325 proxima
1282 2257 1365 2319 sunt,

208 2352 320 2410 uerba:
357 2364 418 2425 qup
449 2363 563 2425 graves
597 2349 745 2409 Persae
780 2350 927 2409 melius
962 2350 1144 2425 perirent“,
1178 2350 1219 2410 de
1250 2352 1367 2426 quibus

209 2469 304 2529 supra
326 2452 376 2512 XL
405 2452 490 2528 pli
520 2450 667 2510 diximus.
720 2449 800 2521 Quid
828 2450 891 2522 jam
922 2452 1056 2512 referam
1086 2451 1208 2512 Horatii
1239 2468 1364 2513 cannen

210 2555 341 2633 egregia
363 2571 437 2614 cura
460 2551 507 2612 sic
530 2551 723 2627 expolitum,
746 2559 780 2613 ut
803 2553 941 2629 demptis
962 2551 1107 2614 versibus
1134 2554 1256 2614 17-24
1281 2556 1365 2614 haec

208 2659 500 2736 continuarenturg
523 2654 570 2713 ire
603 2651 767 2724 dejectum
803 2661 1003 2715 monumenta
1041 2653 1128 2731 regis
1170 2655 1366 2731 Templaque

209 2765 330 2820 casta.
381 2757 481 2827 Quem
509 2761 604 2815 vocet
634 2755 741 2816 divum
772 2757 910 2831 populus
946 2757 1067 2816 ruentis
1099 2756 1214 2830 lmpcri
1244 2754 1365 2816 rebus?

208 2875 304 2937 prece
326 2876 388 2933 qua
409 2858 544 2934 fatigent
566 2856 716 2933 Virgines
740 2863 868 2918 sanctae
890 2857 993 2918 minus
1018 2857 1198 2917 audientem
1220 2857 1369 2918 Carmina

207 2956 425 3022 Vestarn?“
477 2959 629 3019 Nimirum
658 2960 738 3021 adeo
770 2959 938 3020 consilium
960 2959 1205 3034 praecipitatum
1230 2966 1297 3030 est,
1331 2965 1368 3018 ut

208 3080 250 3124 ne
278 3064 340 3122 boc
373 3059 517 3136 quidem,
547 3061 631 3135 quod
662 3059 768 3120 Ovidii
790 3061 871 3120 Fast.
896 3061 944 3120 lll.
968 3062 1044 3122 698:
1079 3060 1218 3120 aeastis
1241 3061 1369 3120 Vesta

208 3168 340 3240 loquuta
367 3163 476 3221 iocis“
512 3162 593 3221 liber
621 3161 773 3221 lunianus
803 3164 950 3237 praebet:
992 3161 1110 3230 Diva,
1148 3168 1367 3221 succurreret:

209 3266 402 3342 Templaque
440 3262 591 3323 Vestae
621 3297 662 3307 -
692 3263 838 3339 Virgines
876 3271 1004 3325 sanctae
1042 3263 1145 3323 minus
1182 3263 1368 3322 audientem
1421 3323 1430 3330 ,

210 3371 354 3432 Carmina
375 3368 546 3428 Divaru.“

293 3471 454 3532 Postremo
478 3470 561 3545 quod
584 3471 624 3530 de
648 3485 744 3530 versu
768 3471 802 3529 31
830 3469 927 3528 multa
949 3486 1059 3544 parum
1087 3475 1233 3529 accurato
1258 3468 1366 3528 studio

209 3579 443 3652 argumentatus
475 3591 504 3648 p.
528 3571 639 3630 XXXII
668 3570 820 3630 Lebrsius
850 3569 982 3646 protulit
1012 3574 1236 3630 commentum:
1277 3570 1368 3628 luce

210 3675 373 3736 candentis
401 3687 528 3733 umeros
557 3671 689 3731 amictus
700 3681 730 3740 “,
767 3673 930 3731 conlutare
960 3686 1230 3748 supervacaneum
1260 3671 1366 3730 habeo

210 3776 397 3853 praesertim
433 3774 518 3833 nulla
554 3778 607 3832 aut
636 3769 684 3831 rei
712 3777 764 3832 aut
795 3775 961 3834 verborum
1000 3773 1189 3850 probatione
1221 3772 1261 3831 ab
1293 3771 1366 3847 ipso

210 3878 468 3941 commendatum.
520 3874 586 3935 Nec
613 3872 676 3945 jam
706 3873 747 3932 de
776 3874 897 3934 Bartbii
929 3874 1091 3936 claudian.
1124 3873 1366 3934 miroslao

209 3999 239 4056 p.
264 3981 325 4041 882
355 3975 530 4038 sententia:
566 3977 684 4052 „ipsos
716 3978 816 4037 bonos
850 3977 929 4038 deos
964 3975 1152 4038 candi'dis
1193 3975 1368 4035 nubibus

209 4083 341 4142 amictos
365 4079 637 4140 introducebant..
660 4077 825 4138 Horatius:
857 4079 947 4140 Nube
977 4077 1188 4139 caudeuteis
1216 4077 1368 4136 humeros

210 4184 341 4242 amictus
366 4185 472 4259 Augur
496 4183 613 4256 Apollo
625 4191 644 4216 “
668 4181 706 4241 ci.
731 4181 807 4242 Stat.
832 4179 1050 4252 ConiectXV.
1074 4197 1105 4256 p.
1121 4179 1183 4238 222
1206 4184 1260 4238 aut
1284 4176 1367 4248 ejus,

211 4283 286 4358 quia
320 4281 466 4357 agaris
496 4284 684 4359 cognomine
713 4281 888 4358 Sibyllinos
917 4282 1017 4340 libros
1045 4280 1221 4357 significari
1252 4280 1367 4347 voluit.
