3030 4984
692 328 694 332 ’
727 352 790 422 uo

265 525 381 585 Verum
410 541 469 585 nec
497 527 558 586 boc
588 526 690 601 ipsrrm
727 529 804 588 satis
833 529 939 604 placet
970 536 1002 587 et
1034 530 1187 604 quaedam
1217 531 1335 604 majora

181 627 340 688 molienda
355 633 435 688 sunt.
470 630 515 690 Ac
538 628 671 704 primum
695 630 822 704 quidem
844 636 962 690 tantum
986 633 1102 691 abesse
1124 634 1267 705 arbitror,
1290 643 1334 706 ut,

182 729 214 788 id
236 731 320 805 quod
341 746 436 804 supra
449 730 599 790 LXXXVI
621 750 649 807 p.
664 733 722 793 111
746 731 1004 808 perstrinximus,
1028 731 1170 794 Marcelli
1190 737 1242 795 vel
1258 737 1334 798 Mor-

182 832 334 892 cellorum
362 833 488 893 temne
520 834 569 894 rel
601 835 758 894 stemmati
793 839 879 895 recte
911 835 1056 896 subnecti
1085 836 1230 897 videatur
1259 840 1336 898 Cae-

182 935 263 994 saris
286 933 419 1004 sidus,
449 942 482 996 ut
512 941 716 996 memoratum
745 937 866 1012 aliquid
897 936 998 995 luisse
1021 937 1217 1008 existimem,
1252 942 1336 1014 quod

181 1042 255 1095 ante
281 1037 449 1098 Caesarem
480 1039 564 1099 inter
592 1038 671 1098 deos
701 1046 865 1115 receptum
896 1038 1048 1098 acciderit
1072 1039 1177 1098 simile
1200 1041 1336 1103 Fabricii

183 1144 214 1197 et
232 1139 318 1198 Curii
342 1155 378 1198 ac
393 1139 515 1201 Camilli
540 1139 872 1216 facinoribus,tdque
898 1142 1000 1215 ipsum
1024 1159 1085 1200 non
1110 1143 1212 1202 minus
1237 1145 1335 1220 signi-

181 1240 312 1300 ficanter
336 1248 509 1318 ornateque
534 1242 722 1312 indicatum,
747 1259 839 1317 quam
862 1243 1023 1319 singulare
1047 1261 1083 1303 ac
1105 1245 1335 1306 divinumlulii

145 1367 151 1375 r
182 1341 288 1402 decus.
341 1343 450 1418 ltaque
481 1346 543 1405 boc
571 1345 727 1404 contendo
761 1344 899 1404 lamam
926 1344 1008 1404 malo
1039 1347 1235 1406 successisse
1264 1349 1336 1408 voci

183 1446 321 1519 palma.
375 1445 464 1515 Quod
494 1448 607 1506 lactum
632 1454 681 1507 est
705 1453 737 1506 et
761 1447 792 1507 in
817 1447 858 1506 iis
882 1448 990 1507 Ovidii
1013 1455 1046 1507 et
1069 1450 1221 1508 Martialis
1244 1450 1336 1521 locis,
1365 1450 1368 1456 “

179 1566 263 1623 ⁴quos
286 1549 466 1624 composuit
488 1550 682 1609 Burmannus
706 1548 796 1608 Ouid.
820 1552 855 1611 Α.
871 1552 907 1610 Α.
924 1551 944 1610 l.
961 1549 1020 1611 121
1044 1566 1075 1624 p.
1092 1553 1167 1620 593,
1200 1558 1230 1610 et
1253 1552 1337 1628 apud

176 1650 444 1712 ‚GuultHorurn
468 1652 560 1712 Alex.
577 1650 625 1710 IV.
644 1652 719 1710 366:
743 1651 862 1712 minuat
885 1653 1027 1712 versutia
1051 1653 1259 1728 palmam“:
1290 1654 1337 1714 sic

184 1752 267 1812 enim
301 1755 411 1823 verba,
442 1733 586 1829 quaein
609 1751 806 1814 Mueldeneri
838 1755 984 1830 exemplo
1015 1755 1162 1831 leguntur
1193 1755 1223 1815 in
1255 1757 1338 1816 hunc

182 1855 307 1914 modum
330 1856 464 1930 scripta:
488 1857 630 1916 versutia
653 1856 665 1914 l
671 1873 789 1916 amam
800 1866 818 1890 ‘⁴
845 1856 1032 1917 emendandi
1055 1863 1246 1932 potestatem
1263 1858 1338 1918 lecit

184 1957 222 2038 is,
234 1957 351 2026 codex,
382 1955 471 2028 cujus
494 1959 555 2018 duo
579 1959 658 2019 lolia
681 1941 780 2033 penes
803 1973 854 2018 me
879 1964 950 2017 sunt
982 1953 1051 2038 (qui
1074 1957 1157 2016 idem
1181 1960 1282 2020 codex
1306 1960 1337 2018 in

185 2075 278 2119 versu
292 2061 366 2120 358:
392 2061 565 2122 Candorem
589 2062 691 2122 famae
711 2061 845 2137 fuligine
861 2060 943 2121 labis
962 2062 1191 2122 Obscurare
1216 2069 1337 2137 queat“

184 2165 302 2223 rectius
327 2165 387 2224 noc
409 2169 512 2224 tenet:
550 2165 770 2224 Obtusa-are
795 2170 918 2238 queat.“
954 2165 992 2230 cl.
1017 2163 1154 2234 Coniect.
1169 2164 1245 2225 Stat.
1260 2164 1338 2223 XIX.

184 2266 298 2339 pilo.
320 2264 595 2349 Mentiuntur).
623 2265 667 2339 ,U
711 2272 816 2326 autem
845 2265 1002 2336 Marcelli,
1034 2267 1089 2340 qui
1119 2266 1191 2342 ipse
1214 2266 1339 2342 palma

185 2368 301 2428 dicitur
331 2384 350 2427 a
371 2367 501 2428 Manilio
526 2369 547 2427 l.
573 2369 652 2436 185,
682 2369 816 2443 palmam
845 2368 984 2444 fingere,
1019 2385 1110 2443 quam
1133 2374 1265 2445 stemma
1289 2371 1340 2428 vel

186 2470 317 2546 stirpem
342 2471 430 2545 loqui
453 2471 561 2530 mallet
584 2469 753 2540 Horatius,
778 2470 896 2530 fecisse
920 2470 1045 2530 videtur
1067 2471 1247 2547 gratissima
1271 2470 1339 2541 ejus

185 2573 308 2646 palmae
337 2572 534 2642 recordatio,
567 2589 607 2633 ex
637 2589 698 2648 qua
730 2579 833 2642 enata,
852 2573 982 2632 suboles
1011 2573 1109 2632 fertur
1132 2573 1341 2633 laetissimum
1424 2611 1425 2616 κ

185 2675 264 2734 illud
294 2689 385 2736 omen
417 2675 514 2735 futuri
544 2690 645 2749 penes
675 2675 851 2750 Augustum
881 2674 1026 2748 imperii:
1064 2691 1198 2751 namque
1228 2675 1339 2749 „apud

184 2776 328 2837 Mundam
350 2778 386 2838 D.
409 2777 511 2836 lulius
535 2776 648 2836 castris
672 2778 775 2836 locum
800 2776 930 2849 capiens
955 2793 1023 2836 cum
1048 2776 1160 2836 silvam
1180 2777 1338 2846 caederet,

184 2881 364 2939 arborem
387 2880 543 2956 palmae
565 2878 973 2968 reperttgnconservariut
997 2894 1109 2938 omen
1132 2879 1339 2938 victoriae

142 3027 144 3030 .
182 2979 291 3051 jussit:
323 2997 362 3042 ex
386 2997 425 3040 ea
450 2981 600 3042 continuo
630 2987 723 3042 enata
754 2981 882 3041 suboles
914 2979 994 3040 adeo
1025 2981 1056 3040 in
1087 2981 1197 3056 paucis
1228 2981 1340 3041 diebus

183 3083 341 3154 adolevit,
372 3090 406 3143 ut
436 3102 496 3144 non
526 3084 751 3159 aequipararet
781 3083 873 3143 modo
898 3083 1077 3154 matricem,
1111 3083 1340 3143 verumetiam

184 3186 350 3262 obtegeret
395 3187 713 3262 frequentareturque
754 3188 965 3246 columbarum
1003 3185 1115 3266 nidisf‘
1151 3186 1235 3246 Suet.
1260 3189 1339 3262 Aug.

183 3286 275 3348 XClV
305 3289 412 3366 (uxrem
443 3290 544 3350 locum
570 3297 601 3348 cl
624 3289 809 3349 Paschalius
833 3287 1009 3349 Coronvl.
1026 3290 1065 3349 211
1097 3309 1125 3366 p.
1146 3291 1204 3351 411
1232 3289 1340 3349 omisit

183 3395 215 3449 et
237 3389 474 3450 Freinshemius
498 3391 564 3450 Liv.
589 3390 698 3465 Suppl.
715 3390 801 3449 CXV.
819 3391 856 3448 ul
888 3409 917 3464 p.
933 3390 994 3449 215
1017 3391 1088 3449 Vol.
1102 3391 1169 3450 XIV
1184 3388 1224 3470 *).
1259 3390 1339 3460 Qua-

183 3491 245 3549 lem
274 3497 379 3550 autern
408 3491 550 3552 Marcelli
580 3493 715 3565 palmam
753 3507 826 3550 esse
855 3491 1003 3550 Horatius
1038 3491 1171 3561 dixerit,
1210 3493 1338 3566 penitus

183 3593 269 3653 latet.
324 3592 410 3652 Nihil
442 3592 527 3654 enim
552 3592 742 3668 explicatum
773 3597 821 3651 est
844 3594 882 3652 ab
905 3595 1030 3653 Acrone
1054 3600 1086 3653 et
1109 3595 1337 3670 Porphyrione,

183 3694 238 3770 qui
268 3696 411 3755 arborem
443 3696 567 3756 occulto
597 3709 678 3754 aevo
716 3701 909 3754 crescentem
947 3695 1084 3772 intelligi
1118 3698 1228 3757 volunt
1258 3713 1337 3766 eam,
1397 3680 1399 3684 ’

182 3795 271 3868 cujus
302 3799 525 3868 „incrementa
551 3799 614 3859 nisi
638 3805 845 3874 posteaquam
868 3799 1026 3858 creverint
1057 3819 1118 3860 non
1142 3800 1337 3861 videantur“

181 3905 226 3984 (p.
251 3901 301 3972 lt,
328 3898 382 3984 12)
417 3917 527 3977 „quae
556 3907 676 3962 crescat
706 3917 786 3961 aevo
820 3903 942 3961 occulte
966 3902 1185 3978 procedente“
1217 3901 1261 3985 (p.
1286 3905 1336 3972 50,

186 4001 254 4086 11),
279 4004 370 4080 quasi
394 4004 452 4073 sit,
475 4004 531 4064 ubi
554 4010 678 4079 tempus
701 4021 762 4063 uon
787 4004 938 4072 „occulte
962 4005 1112 4065 labatur“
1145 4002 1246 4086 (Ouid.
1271 4008 1338 4066 Am.

271 4153 302 4223 *)
330 4154 436 4220 Dignus
461 4156 485 4208 is
510 4153 633 4206 Suetonii
668 4155 743 4206 locus
770 4162 826 4219 est,
854 4156 899 4220 qui
924 4173 984 4207 curn
1007 4157 1112 4209 Horatii
1144 4158 1342 4221 locol.2,10:

181 4239 268 4303 ulmo,
287 4239 356 4292 Nota
376 4257 444 4305 quae
463 4240 544 4292 sedes
563 4239 654 4291 fuerat
673 4241 870 4292 columbie“
896 4249 1080 4310 comparetur.
1115 4243 1149 4294 Et
1168 4245 1336 4312 comparavit

180 4325 334 4378 Boclrartus
346 4327 380 4380 ll.
400 4327 506 4380 Hieron.
521 4327 542 4378 l.
557 4329 573 4380 3
598 4343 626 4394 p.
649 4327 677 4377 18
692 4342 733 4391 sq.

1138 4412 1206 4479 12*
