3052 4996
248 485 430 548 stesichoro
454 491 619 562 sumptum.
663 483 708 546 Ea
730 490 835 545 autem
859 485 931 561 ipsa
953 486 1076 555 tabula,
1101 503 1191 560 quam
1216 488 1254 548 ab
1269 487 1406 549 Horatio

247 590 356 650 dedita
379 605 476 665 opera
498 594 671 648 enarratam
694 585 905 660 probabiliter
928 588 1049 648 dixeris
1075 607 1099 645 v.
1125 589 1275 659 33—67,
1293 591 1407 651 habuit

246 691 403 768 Europam
432 690 462 750 in
496 683 566 763 ipso
591 689 702 748 Cretae
726 688 833 747 littore
869 689 1019 763 „ardenti
1042 689 1138 749 corde
1162 723 1203 733 -
1227 693 1406 753 clarisonas

247 793 428 855 lundenlem
450 800 575 850 uoces“
599 790 725 870 (Catull.
750 789 801 858 ol,
828 788 920 873 124),
956 793 1081 866 qualem
1111 793 1178 856 lere
1202 793 1405 855 lamentatio-

247 912 319 957 nem
343 893 469 971 puellae
492 893 523 952 in
547 891 683 952 medium
706 907 792 951 mare
817 898 949 952 evectae
965 893 1149 954 inchoarant
1165 894 1283 970 potius,
1308 913 1405 970 quarn

248 993 417 1070 exsequuti
440 1001 511 1054 sunt
525 993 673 1054 Moschus
687 992 728 1052 ld.
743 992 778 1052 Il.
795 993 973 1055 130-149
998 1000 1029 1054 01
1053 994 1180 1055 Nonnus
1196 995 1216 1056 Ι.
1234 999 1403 1058 tau—137

247 1099 409 1176 parciores
433 1095 496 1166 illi,
525 1102 559 1155 ut
579 1111 651 1155 mea
673 1094 856 1166 conjectura
886 1095 965 1165 fert,
997 1096 1207 1172 scriptoribus
1229 1099 1403 1176 Eurupiae.
1432 1121 1435 1124 ·

245 1201 356 1275 Neque
385 1197 436 1257 his
466 1196 714 1271 praetereundus
747 1202 795 1256 est
825 1213 912 1256 error
937 1198 1011 1267 ille,
1046 1215 1107 1273 quo
1139 1199 1285 1264 inductus
1308 1201 1402 1260 Bent-

247 1300 329 1373 lejus
352 1319 380 1360 v.
406 1301 460 1360 39:
1305 1290 1314 1298 “

565 1426 569 1432 ·
670 1417 715 1461 an
739 1399 814 1463 ritlls
838 1407 1042 1461 carentem

583 1501 701 1561 Ludit
725 1502 857 1580 imago

246 1607 445 1668 concubitum
469 1605 575 1680 potius
595 1604 656 1663 hoc
672 1603 783 1663 modo:
807 1604 906 1664 vitio
928 1609 1113 1665 carentem“
1138 1606 1313 1683 significari
1329 1623 1401 1668 cen-

246 1711 309 1770 suit
332 1707 555 1785 persuasitque
573 1722 642 1766 curn
658 1706 731 1766 aliis
746 1712 810 1765 turn
826 1707 1048 1784 Peerlkampio
1065 1713 1097 1766 et
1112 1709 1255 1769 Lehrsio.
1292 1712 1403 1788 Longe

246 1811 339 1871 aliter
363 1810 445 1870 enim
468 1808 665 1868 statuendum
689 1822 763 1866 esse
786 1807 954 1867 manifesto
978 1808 1072 1868 docet
1096 1808 1167 1884 ipsa
1184 1811 1259 1880 illa,
1284 1812 1323 1870 de
1339 1829 1403 1887 qua

245 1913 325 1974 nihil
350 1909 523 1988 explicavit
544 1910 675 1970 Jahnius
698 1911 717 1968 l.
735 1909 763 1968 d.
789 1928 817 1986 p.
834 1911 892 1980 21,
917 1911 1009 1971 orni
1033 1913 1152 1972 mentio
1175 1931 1203 1971 v.
1229 1915 1286 1984 58,
1317 1909 1402 1990 quae

245 2031 337 2077 nemo
360 2013 554 2073 dubitaverit
580 2012 655 2088 quin
678 2013 726 2073 illi
750 2014 934 2086 platano,
967 2029 1050 2089 quae
1077 2014 1204 2076 fabulae
1236 2016 1277 2075 de
1308 2017 1401 2077 Jovis

244 2116 364 2193 nuptiis
388 2117 594 2193 pervulgatae
624 2115 747 2192 signum
770 2116 928 2176 mansisse
960 2116 1058 2198 lertur
1087 2117 1253 2193 utriusque
1284 2121 1399 2197 populi

245 2217 456 2281 monumentis
486 2214 579 2299 (Plin.
603 2217 637 2276 N.
661 2217 697 2276 H.
721 2217 785 2276 llll.
813 2221 840 2288 1,
865 2222 892 2278 5.
938 2217 1051 2278 hleurs.
1076 2219 1160 2279 Cret.
1185 2218 1206 2279 Ι.
1233 2221 1270 2281 10
1303 2241 1331 2299 p.
1350 2224 1400 2282 38.

245 2322 333 2382 Jahn.
357 2320 420 2380 l.d.
445 2336 473 2394 p.
497 2320 537 2380 25
564 2318 659 2403 sqq),
691 2321 911 2397 posthabenda
939 2322 977 2380 ab
1009 2337 1046 2380 eo
1076 2321 1188 2390 fuerit,
1226 2325 1281 2399 qui
1303 2332 1398 2400 turpe

245 2425 446 2485 commissum
471 2441 496 2482 r.
516 2423 565 2492 39,
588 2422 711 2498 culpam
733 2443 762 2482 u.
777 2407 1033 2484 38'imrninutam
1048 2424 1242 2499 pudicitiam
1259 2426 1399 2504 intelligi

244 2529 355 2594 vellet,
378 2545 440 2586 non
463 2543 482 2582 v
492 2524 567 2586 itia
590 2569 609 2594 „
619 2540 700 2600 quae
713 2526 847 2601 plurima
862 2527 959 2585 menti
972 2526 1142 2587 Femineae
1157 2537 1267 2589 natura
1282 2529 1398 2589 dedit“

244 2625 348 2713 (Orid.
372 2630 444 2689 Met.
468 2627 502 2688 X.
527 2627 600 2704 etl)
630 2626 700 2687 sive
730 2643 898 2687 recensere
929 2629 1006 2690 libel
1029 2646 1084 2701 ea,
1115 2631 1229 2705 quibus
1252 2632 1400 2709 Europae
1507 2627 1508 2632 ’

246 2751 341 2795 causa
369 2732 562 2793 continetur:
596 2730 805 2790 temeritatem
839 2732 966 2805 puellae
997 2738 1087 2794 tauro
1119 2735 1162 2794 ita
1194 2735 1397 2805 blandientis,

243 2843 278 2896 ut
301 2842 333 2895 et
356 2834 514 2911 Nymphas
545 2850 603 2892 suo
634 2848 765 2892 munere
795 2833 917 2894 fraudet
944 2842 976 2896 et
1000 2836 1153 2896 intextum
1178 2837 1273 2897 sertis
1300 2855 1398 2898 cornu

244 2943 352 2998 teneat
375 2935 537 3007 „inscia
560 2937 735 3011 culpae“
760 2931 902 3017 (Anthol.
929 2940 992 2998 Lat.
1017 2937 1038 2996 l.
1065 2940 1114 3008 ll,
1139 2939 1209 3024 29),
1233 2941 1396 3016 impuden-

243 3042 319 3101 tiam
341 3037 551 3114 relinquentis
575 3039 708 3114 patriam
732 3045 765 3098 et
788 3045 938 3116 parentes
963 3037 1049 3121 (Hor.
1073 3059 1101 3098 v,
1127 3042 1166 3101 49
1190 3059 1237 3116 sq.
1276 3042 1393 3104 Mosch.

244 3142 279 3202 ll.
307 3142 375 3203 142.
413 3141 511 3200 Nonn.
535 3140 556 3199 Ι.
583 3139 674 3224 131),
704 3140 868 3202 levitatem
899 3141 931 3202 in
955 3141 1249 3218 praesentissimum
1272 3145 1396 3217 pericu·
1505 3205 1506 3216 ἶ

244 3245 307 3304 lurn
337 3244 508 3321 prolapsae
545 3238 632 3324 (llor.
664 3261 692 3302 v.
717 3243 772 3328 26)
810 3251 842 3304 et
873 3259 946 3304 sero
975 3241 1115 3319 conjugii
1142 3240 1267 3313 jamjam
1297 3244 1395 3306 loturi

244 3347 403 3409 infamiam
426 3352 615 3422 auguralae,
640 3347 725 3422 quod
749 3346 876 3422 quidem
889 3347 1004 3406 malum
1020 3345 1217 3422 significatur
1241 3353 1273 3406 et
1296 3366 1324 3405 v.
1339 3349 1395 3409 27:

243 3447 480 3525 mediasque
515 3449 681 3510 lraudes
705 3457 738 3509 et
760 3469 789 3508 u.
814 3450 868 3508 ut:
899 3447 1111 3523 dominaeque
1134 3449 1216 3508 tradi
1238 3450 1394 3511 Barbarae

244 3555 364 3629 pelex
388 3559 420 3612 et
453 3570 481 3611 v.
506 3554 561 3612 55:
599 3558 729 3612 tenerae
753 3551 972 3628 praedae“,
1009 3551 1099 3625 cujus
1129 3567 1240 3612 versus
1270 3559 1394 3613 senten·
1504 3550 1505 3594 ἶ

243 3655 319 3717 liam
348 3671 407 3717 nec
440 3655 522 3717 alius
552 3655 720 3731 quisquam
751 3670 827 3714 vere
859 3639 942 3731 cepit
966 3671 1025 3716 nec
1047 3655 1318 3716 Mitscherlichius
1341 3664 1394 3716 aut

242 3757 478 3834 Peerlkampius
503 3763 534 3816 et
560 3756 614 3832 qui
628 3755 707 3816 mira
721 3757 919 3818 obtrectandi
938 3759 1114 3835 cupiditate
1129 3758 1279 3828 exsultat„
1298 3759 1394 3818 Lehr-
1503 3835 1504 3840 ἵ

244 3862 320 3922 sius.
365 3859 461 3931 Quasi
484 3874 560 3920 vero
584 3859 716 3918 difficile
739 3859 777 3920 ad
802 3860 1058 3938 investigandum
1081 3860 1177 3919 luerit
1200 3858 1261 3916 hoe
1284 3862 1320 3920 ab
1335 3860 1393 3920 llu-

244 3981 322 4041 ropa
344 3963 424 4023 dici:
459 3961 607 4038 quoniam
638 3961 701 4021 sibi
723 3962 834 4022 tauri
858 3964 1034 4041 praedae
1056 3963 1158 4021 luctae
1193 3955 1297 4042 (Ovid.
1321 3961 1393 4026 Met.

243 4064 280 4125 ll.
304 4066 380 4125 873:
403 4065 567 4140 mediique
589 4078 647 4138 per
670 4079 810 4138 aequora
833 4067 923 4142 ponti
946 4065 1016 4125 Fert
1039 4061 1259 4143 praedam
1294 4062 1393 4125 Noun.
1502 4103 1503 4108 κ

243 4165 264 4225 Ι.
290 4167 366 4227 132:
389 4164 491 4252 ταύρῳ
505 4163 647 4247 ’Ἅρπαγι
666 4167 720 4227 καὶ
742 4167 883 4251 πλωτῆρι
904 4169 973 4238 καὶ,
998 4157 1040 4238 ὥς
1061 4164 1179 4244 δοκέω,
1200 4163 1391 4252 παρακοίτῃ)

242 4263 467 4358 tabescendum
490 4269 532 4329 sit
556 4269 601 4328 ira
625 4273 720 4342 atque
743 4267 872 4338 dolore,
897 4273 1058 4344 praestare
1082 4282 1118 4327 se
1141 4267 1243 4328 adhuc
1265 4269 1391 4344 specio-
