3052 4996
752 354 790 424 14

190 527 296 604 pentis
326 526 427 587 luisse
458 523 567 588 scribit
596 525 716 587 Statius
746 527 844 587 Theb.
866 526 917 586 Xl.
943 529 1022 589 583:
1065 529 1160 590 durus
1191 530 1346 607 sanguine

192 629 288 692 crinis
311 630 447 690 Obnubit
469 628 627 689 furiale
651 635 805 706 caput.“

275 732 361 792 Idem
382 731 535 794 Lebrsius
559 747 641 806 quae
664 732 704 791 de
727 731 841 792 eodem
853 733 991 794 Cerbero
1013 734 1209 810 legunturll.
1224 737 1273 806 13,
1288 737 1344 796 al:

489 834 684 894 Demittit
707 839 815 895 atras
838 833 935 898 bellue
958 835 1103 917 centiceps

565 938 710 1018 Aures,

193 1043 231 1102 ab
254 1040 387 1101 lloratio
410 1040 535 1101 sortiter
563 1037 758 1111 abjudicavit
795 1058 826 1116 p.
849 1039 986 1101 LXXXV
1016 1056 1121 1115 neque
1152 1042 1192 1101 de
1221 1039 1344 1101 Seneca

190 1144 230 1204 de
252 1142 344 1205 Mort.
369 1143 475 1204 Claud.
505 1162 535 1220 p.
550 1142 611 1203 710
636 1141 701 1204 Ele.
726 1142 998 1204 commemoravit:
1030 1143 1207 1220 „pervenit
1238 1144 1278 1203 ad
1300 1143 1344 1215 ja-

189 1263 281 1307 nuam
302 1245 405 1329 Ditis,v
426 1244 647 1317 ubijacebat‚
677 1251 719 1306 ut
748 1246 807 1306 ait
838 1246 1051 1318 Horatius,
1083 1246 1229 1307 bellua
1252 1262 1344 1308 ceu-

189 1349 364 1425 tioeps“,
388 1364 481 1424 quem
503 1362 562 1408 uec
576 1366 595 1408 a
610 1346 863 1409 llitscherliohio
883 1349 1012 1411 allatum
1027 1349 1122 1410 video
1137 1365 1195 1410 nec
1209 1367 1227 1409 a
1241 1349 1344 1410 Peerl-

187 1453 317 1529 kampio
338 1447 446 1534 (quem
471 1452 607 1512 eundem
629 1470 661 1527 p.
678 1453 739 1512 206
763 1452 845 1530 sugit
864 1451 1001 1513 Ennodii
1024 1454 1095 1513 loco
1110 1453 1174 1512 Vit.
1189 1453 1344 1530 Epipbau.

188 1573 218 1632 p.
232 1555 303 1615 215.
324 1555 348 1613 C
361 1553 553 1631 subjungere
567 1554 700 1614 altorum
716 1555 800 1614 hunc
818 1555 917 1615 Carm.
932 1553 969 1614 ll.
979 1555 1018 1613 44
1035 1573 1064 1631 p.
1076 1556 1146 1615 343.
1159 1556 1198 1615 B:
1219 1553 1289 1614 Oris
1306 1554 1344 1614 ad

189 1657 358 1734 imperium
381 1656 625 1719 submittunt
646 1657 729 1718 collo
743 1656 916 1734 chelydri“
940 1663 973 1716 et
993 1656 1065 1717 Sen.
1080 1655 1172 1717 llere.
1186 1657 1344 1718 Funssbd:

189 1766 330 1830 „cuncta
351 1761 455 1820 lassus
485 1758 589 1836 capita
613 1757 804 1818 submisit
827 1760 946 1820 canis.“
970 1760 1050 1819 810:
1075 1760 1345 1836 „Composuit

188 1878 309 1924 aures
331 1861 461 1922 timidus
471 1859 514 1942 ‘⁴).

273 1966 384 2043 Neque
406 1965 484 2025 illud
508 1963 636 2040 quidem
657 1965 810 2026 Lehrsius
841 1963 911 2046 (qui
943 1964 975 2025 in
999 1965 1059 2026 hac
1082 1983 1195 2027 caussa
1218 1965 1345 2025 videtur

188 2069 325 2130 maxime
348 2071 387 2131 ab
406 2069 566 2130 Ellendtio
590 2068 769 2145 proiecisse
793 2067 979 2129 clllleiuek.
1002 2087 1034 2145 p.
1050 2068 1118 2154 XV)
1142 2076 1346 2146 perspectum

188 2172 309 2242 babuit,
326 2171 403 2246 quid
416 2177 568 2246 sequutus
577 2169 726 2232 Horatius
743 2176 917 2232 extremum
932 2186 1055 2231 carmen
1072 2171 1111 2230 ad
1130 2170 1344 2232 celebratissi-

188 2290 255 2334 mus
280 2274 451 2335 interorum
472 2273 595 2334 tabulas
615 2273 794 2334 deduxerit.
828 2273 927 2344 Quem
943 2272 1070 2348 quidem
1087 2274 1240 2349 pietatem
1256 2291 1344 2333 suam

189 2381 221 2437 et
245 2375 365 2436 Musam
395 2375 445 2437 dis
476 2375 564 2438 cordi
596 2392 669 2436 esse
702 2377 788 2437 vitae
819 2392 896 2436 suae
930 2377 1115 2436 custodibus
1138 2377 1192 2437 bic
1215 2392 1343 2452 quoque

188 2480 368 2556 professum
397 2479 429 2539 in
458 2478 670 2558 praedicanda
700 2478 834 2540 mirifica
862 2477 939 2540 artis
969 2479 1098 2540 divinae
1129 2479 1273 2555 potentia
1296 2475 1343 2562 (ut

189 2580 239 2641 Ill.
264 2582 313 2651 11,
340 2581 377 2641 13
402 2579 487 2666 sqq.)
510 2588 585 2658 apte
608 2581 735 2641 desisse
759 2582 830 2657 quis
854 2588 904 2642 est
927 2582 1003 2658 quin
1027 2576 1203 2642 concedat?

275 2682 337 2755 Sed
359 2691 503 2746 revertor
525 2684 565 2744 ad
587 2685 691 2745 locum
714 2685 803 2746 illum
826 2685 1048 2776 difficillimum
1072 2702 1102 2746 v.
1127 2685 1182 2744 36ε

478 2787 548 2848 ubi
572 2788 662 2849 illis
687 2789 937 2851 carminibus
961 2795 1137 2866 stupens

395 2891 586 2952 Demittit
609 2897 719 2952 atras
742 2892 885 2952 bellua
918 2893 1137 2967 centiceps

479 2995 576 3068 tures,

189 3113 283 3173 quem
304 3096 544 3174 Peerlkampius
573 3091 628 3177 (ne
658 3095 740 3158 Silio
770 3096 898 3171 quidem
919 3095 970 3154 Vl.
995 3097 1071 3158 198:
1107 3141 1126 3166 ,‚
1136 3098 1253 3156 haustu
1276 3113 1342 3156 sor-

187 3203 267 3262 bens
291 3205 322 3260 et
344 3199 537 3261 laticibus
561 3199 694 3260 atris“
727 3199 760 3259 in
789 3203 897 3276 partes
930 3201 1056 3278 vocato)
1084 3198 1147 3260 sibi
1175 3199 1265 3260 visus
1295 3205 1343 3258 est

187 3306 248 3366 hec
265 3309 338 3364 'arte
362 3302 560 3365 restituisse:
584 3301 722 3365 demittit
746 3309 829 3363 atras
852 3303 960 3362 bellue
981 3303 1145 3380 centiceps
1160 3303 1342 3363 Fauces.“

188 3407 281 3479 Quali
303 3405 432 3468 dicendi
454 3406 548 3467 modo
572 3421 631 3468 nec
646 3405 802 3484 Virgilius
824 3423 901 3466 usus
926 3413 974 3466 est
997 3422 1057 3467 nec
1074 3406 1266 3467 Claudianus
1289 3411 1343 3466 aut

188 3507 362 3587 Apuleius,
393 3524 472 3585 quos
503 3509 585 3570 scite
615 3510 793 3586 composuit
829 3508 929 3568 Cerdo
953 3507 1037 3586 Virg.
1062 3508 1178 3586 Georg.
1200 3508 1251 3568 lV.
1281 3509 1341 3569 183

189 3629 219 3689 p.
245 3612 317 3674 551.
340 3613 369 3672 b.
391 3611 423 3669 F.
480 3610 634 3687 Equidem
671 3610 808 3674 arbitror
844 3613 976 3684 subesse
1013 3610 1152 3686 aliquid,
1189 3612 1272 3688 quod
1302 3611 1344 3671 sit

187 3712 290 3792 magis
304 3714 510 3775 reconditum.
545 3715 686 3775 Occurrit
702 3721 808 3775 autem
825 3715 958 3791 primum
977 3713 1150 3776 memoriae
1162 3716 1234 3784 hoc,
1259 3713 1345 3788 quod

188 3815 277 3877 tenui
300 3813 485 3876 discrimine
516 3817 555 3876 ab
579 3816 680 3876 altero
704 3814 845 3894 disjungi
869 3817 948 3888 scit,
983 3817 1094 3893 quiin
1118 3816 1203 3891 Calp.
1225 3815 1291 3876 Ecl.
1306 3815 1343 3875 V.

190 3919 246 3980 85:
270 3918 345 3979 lites
368 3917 511 3979 Auferet·
531 3918 678 3995 ingentes
707 3920 809 3980 lectus
834 3936 1004 3996 possessor
1027 3920 1058 3980 in
1082 3926 1216 3980 armo“
1246 3916 1344 3977 scribi

187 4019 283 4092 jussit
306 4022 338 4082 in
362 4036 459 4082 aure
484 4028 516 4081 et
539 4020 594 4097 qui
617 4038 721 4082 arma
743 4028 776 4082 et
799 4040 869 4083 ora
885 4018 1096 4104 (curatore
1111 4021 1236 4081 Lachm.
1251 4020 1343 4096 Prop.

115 4158 117 4172 ·
189 4123 211 4182 l.
238 4124 275 4184 31
308 4122 389 4207 pt)
425 4125 598 4201 permutari
629 4125 726 4187 solita
761 4139 834 4186 esse
864 4125 1039 4186 docueruut
1069 4120 1178 4205 (Drak.
1215 4122 1271 4184 Sil.
1294 4123 1343 4182 lV.

191 4226 250 4286 161
280 4224 419 4308 p.198):
463 4227 637 4297 „Demittit
673 4235 786 4290 atros
824 4228 932 4287 bellua
960 4224 1125 4301 centiceps
1160 4217 1343 4298 Armos“;

190 4328 265 4404 quid
295 4327 379 4388 enim
409 4329 516 4403 aptius
545 4329 622 4406 tingi
652 4331 758 4405 potuit
792 4346 884 4405 quam
908 4329 1078 4388 Cerberum
1108 4327 1192 4404 quod
1216 4328 1344 4389 intranti
