3052 4996
759 361 780 428 t

194 533 369 595 identidem
399 534 594 612 significavit
622 555 652 611 p.
670 537 740 596 216.
772 536 843 596 212.
867 553 893 596 a.
915 536 952 604 b,
984 551 1085 611 nuper
1114 542 1220 597 autem
1252 519 1347 598 L'elrr-

194 637 260 697 sius
290 655 320 713 p.
345 637 404 697 LV.
436 637 542 699 intulit
578 646 753 699 commento
790 655 847 716 per
879 637 995 697 omnia
1021 637 1203 699 incredibili
1231 641 1347 701 hocce:

193 737 308 810 „Quae
337 740 426 816 prius
454 741 560 802 nulli
588 741 693 802 facilis
724 743 892 803 movebas
916 739 1099 800 Cardines.“
1149 741 1260 816 ltaque
1284 759 1347 818 quo

192 843 312 918 primos
335 858 448 902 versus
479 843 653 921 legentium
683 844 806 905 animus
836 849 1007 919 apparetur
1036 841 1076 903 ad
1099 859 1169 904 earn
1191 860 1258 904 reru
1280 846 1346 920 pla-

192 944 326 1006 nissime
355 946 624 1022 cognoscendam,
654 963 735 1024 quae
765 946 818 1006 lris
847 945 1002 1020 deinceps
1031 945 1228 1022 significatur
1256 965 1285 1006 v.
1309 949 1346 1007 t:

162 1029 165 1034 ’
193 1063 243 1107 mc
267 1054 322 1107 tuo
351 1047 497 1125 longas
520 1054 722 1125 pereunte
750 1055 901 1110 noctes.
927 1050 962 1108 u:
993 1047 1172 1108 invicem
1195 1051 1346 1112 moechos

191 1167 270 1211 anus
293 1151 672 1227 arrogantosldebis:
695 1153 846 1213 fastosam
869 1150 970 1210 fuisse
994 1149 1123 1224 Lydiam
1150 1157 1225 1221 tum,
1250 1169 1345 1228 quum

192 1253 340 1314 amultis
371 1259 534 1329 peteretur
563 1250 606 1336 (v.
633 1259 667 1316 5:
707 1270 789 1331 quae
819 1254 949 1314 multum
978 1252 1083 1312 facilis
1108 1255 1256 1314 movebat
1272 1269 1343 1315 'car-

191 1355 311 1416 dines“
347 1355 383 1416 cf.
407 1354 529 1418 Mitscb.
562 1375 591 1433 p.
606 1357 678 1417 212.
715 1356 787 1418 Seu.
812 1357 880 1416 Tro.
915 1356 991 1415 tos:
1027 1372 1133 1425 „non
1161 1355 1280 1416 facili
1303 1391 1344 1402 --

191 1458 361 1537 ostio“),
390 1458 565 1520 tollendum
592 1458 655 1532 jam
679 1457 711 1518 id
735 1457 847 1519 uitium
871 1464 935 1527 est,
972 1458 1056 1532 quod
1079 1462 1152 1518 ante
1176 1458 1345 1535 Porphyri-

191 1577 282 1621 onern
313 1567 346 1620 et
376 1563 531 1622 Aaronem
559 1568 665 1623 natum
698 1577 824 1631 ornnes,
860 1579 940 1637 quos
970 1576 1065 1636 supra
1093 1561 1344 1636 percensuimus,

189 1664 300 1741 genuit
322 1663 485 1724 doctorum
509 1679 643 1725 errores.
693 1663 789 1735 Cujus
811 1662 886 1725 vitii
909 1663 1065 1724 correctio
1095 1679 1158 1723 nou
1186 1664 1288 1740 magis
1311 1665 1343 1726 in

189 1766 326 1843 proclivi
356 1772 422 1836 est,
462 1782 554 1842 quam
583 1773 679 1829 certa.
730 1761 886 1838 ¹Quoniam
916 1764 1000 1825 enim
1029 1765 1111 1826 nihil
1144 1765 1344 1840 frequentius

189 1868 323 1938 accidit,
355 1884 448 1944 quam
476 1874 511 1928 ut
541 1871 609 1939 „ob
633 1868 875 1929 similitudinem
898 1867 1062 1937 ductuum,
1094 1866 1343 1944 (5515555555-

189 1971 394 2033 culaaFetJ
417 1969 514 2030 scribi
538 1971 695 2040 solerent,
719 1970 818 2029 verba
840 1969 980 2029 facere
1005 1975 1036 2028 et
1056 1968 1211 2040 jacere,
1235 1970 1344 2031 facta

189 2080 221 2134 et
247 2072 357 2145 15515
387 2079 666 2148 555551555515511
706 2069 814 2155 (Drak.
837 2071 905 2132 Liv.
930 2071 963 2130 X.
988 2073 1018 2141 6,
1044 2072 1060 2130 3
1092 2089 1124 2147 p.
1140 2073 1189 2134 48.
1241 2073 1342 2133 Burm.

189 2179 277 2237 Obss.
301 2175 387 2236 Misc.
411 2173 446 2234 ΙΙ.
471 2193 501 2251 p.
519 2176 587 2235 186.
612 2176 694 2236 Cort.
718 2177 831 2236 Lucan.
854 2173 904 2233 VI.
928 2175 1002 2244 212,
1033 2192 1062 2249 p.
1081 2173 1136 2258 39)
1165 2191 1342 2252 magnaque

189 2285 238 2340 est
262 2277 480 2340 controversia
508 2295 578 2338 cum
608 2277 785 2338 litterarum
807 2293 825 2336 5
848 2283 880 2337 51
904 2282 1008 2337 stum
1037 2293 1152 2337 vocum
1174 2276 1285 2339 ictus
1311 2285 1343 2340 et

95 2363 99 2368 Ι
187 2388 329 2444 555155
352 2377 401 2464 (51
423 2380 508 2457 5556
529 2379 694 2440 Horatium
709 2378 744 2439 lI.
771 2381 820 2450 15,
848 2380 901 2440 16;
925 2381 1098 2450 „Excludit
1121 2380 1260 2442 ictus.“
1285 2380 1342 2442 511-

187 2490 264 2561 quot
280 2483 369 2546 codd.
393 2489 548 2544 aestus.
572 2481 677 2544 1115511.
694 2479 743 2542 IV.
762 2484 823 2545 136
847 2482 1046 2543 aestibus.
1069 2483 1155 2560 Lips.
1171 2483 1341 2545 astibus.

187 2605 265 2648 corr.
290 2584 446 2646 ictibus
470 2585 626 2661 aliosque,
651 2603 731 2661 quos
755 2586 933 2662 composuit
952 2587 1146 2646 Burmannus
1170 2587 1262 2646 Anth.
1276 2588 1340 2647 Lat.

185 2689 220 2750 V.
239 2690 310 2759 114,
326 2689 364 2749 21
390 2706 420 2765 p.
439 2690 500 2750 383
523 2705 569 2764 sq.
594 2688 758 2748 51.Α6551.
782 2688 858 2748 Stat.
881 2687 945 2747 Ecl.
969 2687 1024 2747 511.
1041 2688 1080 2747 tt
1103 2706 1133 2764 p.
1154 2687 1244 2772 125),
1269 2688 1341 2764 quis

186 2792 313 2853 tandem
341 2791 539 2860 invenietur,
583 2790 638 2866 qui
668 2791 768 2850 semel
797 2788 936 2849 monitus
965 2808 984 2850 a
1011 2789 1104 2850 nobis
1134 2790 1218 2865 quod
1247 2796 1279 2850 51
1308 2790 1341 2851 15

187 2893 318 2970 optimis
341 2893 505 2955 codicibus
530 2892 660 2968 Cruquii
684 2890 877 2963 51Β5511511
908 2893 997 2953 5115
1022 2892 1060 2952 13
1086 2891 1261 2954 Vanderbb.
1287 2909 1339 2954 ex-

186 3001 231 3057 tat
266 2995 439 3068 jactibus,
477 2996 510 3056 in
549 2995 679 3056 Graevii
724 3003 827 3055 auteur
865 2994 977 3056 codice
1014 2995 1060 3054 sic
1102 2995 1254 3071 scriptum
1292 3002 1340 3057 est

185 3099 364 3161 Luctibus
390 3094 440 3180 (cf.
456 3101 579 3158 Lucret.
596 3097 630 3157 11.
650 3099 710 3159 135
734 3097 859 3160 Ictibus.
883 3097 954 3157 Vel.
971 3097 1019 3156 ed.
1042 3115 1092 3173 55.
1107 3097 1230 3159 Wakef.
1255 3117 1284 3174 p.
1298 3100 1338 3160 22

185 3202 350 3264 Letibus.
390 3201 478 3261 Ouid.
509 3205 544 3262 A.
568 3203 602 3261 Α.
628 3200 663 3260 II.
688 3202 749 3261 232
779 3199 910 3272 155155.
946 3200 1037 3259 Bern.
1069 3198 1179 3285 latas)
1215 3200 1340 3263 dubitet

188 3311 377 3367 convertere
400 3303 433 3365 in
456 3305 538 3365 hauc
569 3305 729 3381 speciem:
759 3303 951 3366 Fastibus
974 3298 1077 3384 (Serv.
1091 3304 1169 3363 1155.
1186 3303 1236 3363 ill.
1252 3303 1339 3388 326),

186 3408 385 3484 5155515555
408 3407 537 3467 efficere
560 3407 767 3468 sententiam:
798 3423 860 3482 quo
885 3406 1063 3467 crebriores
1089 3404 1209 3480 Lydiae
1238 3407 1337 3468 fastus

186 3513 330 3580 fuerunt,
354 3526 393 3571 eo
414 3509 477 3582 jam
500 3511 625 3586 parcius
647 3509 782 3582 juvenes
806 3509 976 3569 fenestram
1000 3508 1160 3585 quatiunt:

399 3613 567 3673 Parcius
588 3611 752 3684 junctas
777 3611 970 3686 quatiunt
992 3611 1200 3671 fenestras

398 3714 528 3778 15511115
551 3715 711 3776 crebris
732 3714 904 3787 juvenes
928 3719 1125 3789 protervae

398 3817 476 3879 Nec
497 3818 576 3878 tibi
599 3835 756 3878 somnos
779 3817 966 3878 adimunt.

184 3921 316 3997 Proprie
339 3921 424 3982 enirn
446 3919 511 3981 dici
533 3919 702 3981 amicarum
725 3921 871 3981 fastum
894 3921 1070 3981 docuerunt
1094 3918 1193 3996 intpp.
1213 3919 1337 3981 Petron.

187 4025 227 4087 36
250 4042 280 4100 5.
299 4026 368 4086 536.
394 4023 573 4086 Gronovius
597 4024 686 4084 Obss.
702 4023 751 4083 IV.
769 4024 806 4084 10
830 4042 859 4099 p.
878 4025 948 4084 621.
993 4025 1186 4082 Burmannus
1209 4021 1299 4099 Prop.
1316 4022 1336 4083 1.

189 4128 217 4196 1,
243 4128 260 4186 3
284 4145 312 4202 p.
330 4129 347 4186 5
371 4132 403 4187 51
426 4125 475 4186 Ill.
494 4127 576 4196 11‚u
600 4145 629 4202 p.
645 4127 706 4186 616
731 4124 982 4202 555315515111.
1002 4125 1050 4193 13,
1066 4125 1099 4183 7:
1124 4123 1173 4185 Ad
1187 4130 1339 4188 nocturna

184 4228 274 4302 15555
297 4230 485 4292 fastosae
508 4229 619 4290 limina
641 4229 826 4289 moechae.“
851 4225 899 4285 IV.
918 4228 970 4296 23,
986 4231 1020 4289 5;
1044 4227 1098 4288 Sic
1121 4226 1338 4303 spoliatricem

188 4331 384 4393 commendat
406 4332 419 4392 f
426 4339 541 4392 ustus
558 4329 691 4392 amicam
704 4332 803 4390 15555
817 4345 876 4389 555
887 4327 954 4402 155
964 4345 1007 4390 55
1018 4344 1073 4389 ern
1087 4345 1212 4406 semper
1227 4335 1338 4406 aperta
