3026 4988
802 361 850 431 98

248 541 407 604 bello.“8
439 559 467 615 p.
490 541 562 599 too:
596 536 782 596 revictos
812 534 947 595 consilio
972 533 1096 594 dolos.“
1141 533 1241 604 Quale
1270 536 1404 596 affirma-

621 639 738 688 victae

252 716 351 775 verim
376 711 532 772 essehoc
554 706 780 789 (refractae
803 725 809 764 :
833 701 1060 787 revictae):

547 809 749 869 Consiliis
770 807 942 877 juvenis
966 806 1116 868 retractae.

247 919 462 981 Rclraetae
486 919 699 979 catervae,
724 916 756 968 ut
780 909 863 985 apud
887 907 1019 968 Statium
1043 907 1121 967 Silv.
1147 909 1196 966 lV.
1223 913 1252 978 5,
1278 911 1313 968 8:
1338 909 1405 970 lam

248 1020 402 1097 Zephyris
433 1017 548 1091 Aquilo
578 1012 814 1073 refractus.“
867 1009 938 1069 llor.
970 1010 1069 1069 Carm.
1101 1008 1152 1067 lll.
1186 1011 1214 1080 3,
1245 1011 1300 1070 28:
1346 1027 1405 1072 nec

247 1119 362 1183 l'liami
385 1120 496 1178 domus
518 1113 646 1184 Perjora
672 1128 830 1188 pugnaces
849 1113 989 1172 Achivos
1011 1111 1179 1171 Hectoreis
1203 1113 1319 1185 opibus
1342 1129 1404 1173 re-

248 1222 404 1300 fringit.
435 1220 591 1279 Passerat.
620 1216 709 1290 Prop.
736 1214 784 1273 lli.
810 1215 839 1283 2,
864 1215 903 1272 ll
939 1231 969 1288 p.
994 1212 1063 1271 421.
1118 1213 1225 1273 Barth.
1257 1214 1404 1274 Gulielm.

247 1326 322 1384 Brit.
348 1324 395 1383 Vl.
423 1324 489 1382 109.
515 1338 545 1395 p.
560 1320 629 1377 385.
676 1316 783 1376 llains.
807 1316 897 1376 Prud.
920 1317 993 1394 περὶ
1016 1337 1105 1395 orep.
1130 1315 1166 1376 V.
1190 1317 1261 1374 432.
1285 1336 1315 1392 p.
1330 1317 1402 1376 287.

247 1427 325 1488 Add.
350 1428 462 1486 Lucan.
484 1422 520 1480 V.
539 1421 599 1480 596
624 1419 750 1478 victis
775 1419 989 1493 compagibus.
1015 1417 1121 1496 llamb.
1145 1423 1216 1476 tert.
1240 1418 1401 1479 fractis.

248 1531 310 1588 Vll.
335 1528 412 1588 851:
450 1525 604 1584 inlecta.
645 1520 713 1580 cod.
738 1521 820 1579 Cort.
852 1519 1014 1579 infracta
1048 1519 1085 1578 ci.
1116 1520 1257 1596 Brieger.
1289 1521 1402 1582 Philol.

246 1631 339 1692 XXV.
357 1630 377 1688 *1
403 1647 433 1703 p.
446 1627 485 1686 83
509 1622 708 1707 (lugemnsz
734 1621 912 1697 vicimus).
948 1621 1037 1696 Valg.
1062 1639 1092 1695 p.
1120 1622 1188 1680 126.

798 1839 855 1934 lt.

330 2037 389 2097 Hic
410 2035 489 2095 milri
513 2040 691 2108 temperare
721 2049 782 2090 non
815 2047 943 2106 possum
974 2031 1050 2104 quin
1081 2029 1215 2090 strictim
1249 2032 1399 2109 attingam

247 2139 334 2197 illum
357 2137 396 2195 (ie
420 2134 591 2195 Amazonia
614 2131 719 2191 securi
742 2132 845 2190 locum
871 2150 897 2190 v.
925 2132 963 2191 18
986 2149 1070 2206 sqp:

738 2249 968 2319 Vindelici,
992 2250 1143 2324 quibus

498 2353 579 2413 Mos
601 2353 706 2412 unde
729 2352 928 2412 deductus
950 2368 1023 2427 per
1046 2367 1158 2411 omne

565 2456 734 2529 Tempus
759 2455 977 2515 Amazonia
1001 2453 1135 2514 securi

456 2559 629 2618 Dextras
653 2559 850 2625 obarmct,
874 2574 1014 2634 quaerere
1037 2555 1137 2617 rllstrrll

456 2660 509 2720 llcr
532 2658 606 2720 solra
628 2658 674 2720 ias
697 2664 741 2720 est
762 2658 875 2733 onnia,
899 2658 948 2720 sel
971 2658 1035 2716 (lin

500 2763 681 2835 Lateque
703 2761 905 2821 victrices
929 2766 1121 2820 catervae

562 2864 764 2923 Consiliis
785 2861 958 2938 juvenis
982 2862 1136 2939 retractae,

244 3000 337 3059 quem
360 2980 522 3054 Bentlejus
545 2985 582 3044 ab
606 2983 692 3050 omni
714 2982 951 3057 vituperatione
975 2998 1012 3040 ac
1034 2981 1224 3042 detrimento
1243 2984 1399 3044 sincerum

243 3086 465 3161 integrumque
487 3086 689 3145 conservavit
712 3084 960 3158 Sarbieviusque
985 3083 1215 3160 improbavit,
1245 3092 1279 3145 ut
1305 3101 1398 3161 quae-

242 3187 312 3246 dam
335 3186 409 3245 inde
432 3186 570 3247 delibata
592 3187 774 3246 transferret
799 3188 829 3246 in
854 3187 992 3246 carmina
1014 3188 1033 3245 l.
1057 3186 1150 3246 modo
1176 3189 1226 3263 (L)
1242 3187 1287 3246 d.:
1320 3188 1398 3246 Olim
1500 3213 1501 3218 κ

242 3289 425 3348 revictos
448 3289 584 3349 consilio
609 3289 700 3348 dolos
722 3288 832 3350 Dicam
856 3290 995 3349 Plaveni.
1031 3290 1143 3349 Cetera
1166 3289 1349 3350 distuli“
1370 3294 1400 3348 at

242 3389 291 3448 lV.
312 3392 350 3450 29
376 3409 405 3466 p.
424 3392 498 3452 189:
522 3408 603 3450 nunc
628 3391 722 3450 etiam
746 3398 852 3451 truces
877 3390 925 3450 Ad
949 3406 1047 3451 saeva
1069 3391 1144 3450 ferri
1165 3391 1308 3467 fulgura:
1333 3391 1400 3451 sed

242 3492 309 3552 diu
345 3494 498 3570 Neglecta
532 3495 687 3570 pacabunt
723 3493 884 3565 juventam
915 3493 1025 3564 Otia“,
1070 3509 1150 3553 nunc
1187 3493 1318 3568 plurimi
1360 3492 1398 3552 de

242 3595 348 3656 Guieti
384 3598 574 3656 auctoritate
613 3595 767 3656 affirmant
804 3596 973 3671 „ineptum
1012 3612 1085 3654 esse
1123 3597 1325 3672 glossema“,
1366 3599 1399 3654 nt

239 3698 392 3758 Frankins
414 3700 495 3757 Fast.
520 3698 633 3772 pala.
668 3696 848 3758 Meinekius
872 3717 901 3774 p.
925 3699 988 3758 llll.
1021 3696 1173 3759 Lehrsius
1196 3717 1225 3774 p.
1239 3697 1398 3758 CXXVlll.

240 3799 484 3873 ileynemarmus
506 3799 546 3857 de
569 3777 716 3875 interpol.
748 3819 776 3875 p.
802 3801 850 3858 34.
896 3801 921 3860 A
947 3818 1008 3876 qua
1030 3800 1164 3860 libidine
1197 3795 1288 3880 (quid
1314 3800 1397 3860 enim

239 3903 345 3962 levius
368 3898 509 3985 dicam‘l)
533 3901 635 3962 omnis
659 3901 805 3962 assensio
822 3904 872 3962 vel
899 3902 1018 3962 idcirco
1034 3902 1213 3962 cohibenda
1227 3908 1288 3972 est,
1314 3902 1397 3977 quod

239 4019 351 4073 nemo,
375 4004 459 4080 qnod
482 4005 597 4073 sciam,
621 4003 718 4073 illud,
742 4004 825 4078 quod
851 4005 986 4065 maxime
1009 4005 1226 4064 necessarium
1248 4005 1320 4074 fuit,
1345 4020 1395 4064 ex·

239 4107 363 4181 plorate
387 4107 533 4180 percepit
556 4105 811 4179 edisseruitqne,
842 4107 896 4182 qui
926 4106 997 4166 lieri
1029 4107 1200 4183 potuerit„
1215 4112 1249 4164 ut
1273 4122 1340 4166 rem
1363 4112 1396 4164 ut

239 4208 325 4267 nullo
350 4215 478 4268 auctore
503 4209 660 4284 cognitam
685 4204 738 4290 (cl.
762 4207 849 4268 Serv.
872 4209 961 4286 Virg.
985 4211 1062 4270 Aen.
1089 4211 1109 4269 l.
1135 4209 1194 4267 243
1219 4227 1249 4284 p.
1273 4205 1328 4291 48)
1351 4209 1395 4268 ita

239 4307 279 4370 ad
301 4308 535 4369 vindelicorum
565 4309 677 4370 lamam
701 4316 733 4370 et
757 4311 1026 4372 existimationem
1058 4326 1209 4387 perquam
1233 4310 1391 4388 insignem
1496 4329 1497 4332 ¹
