<?xml version="1.0" encoding="UTF-8"?>
<!DOCTYPE html PUBLIC "-//W3C//DTD XHTML 1.0 Transitional//EN"
    "http://www.w3.org/TR/xhtml1/DTD/xhtml1-transitional.dtd">
<html xmlns="http://www.w3.org/1999/xhtml" xml:lang="en" lang="en">
 <head>
  <title>
</title>
<meta http-equiv="Content-Type" content="text/html;charset=utf-8" />
  <meta name='ocr-system' content='tesseract 3.04.00' />
  <meta name='ocr-capabilities' content='ocr_page ocr_carea ocr_par ocr_line ocrx_word'/>
</head>
<body>
  <div class='ocr_page' id='page_1' title='image "./emendationeshor01ungegoog_0105.png"; bbox 0 0 3026 4988; ppageno 0'>
   <div class='ocr_carea' id='block_1_1' title="bbox 249 504 1489 582">
    <p class='ocr_par' dir='ltr' id='par_1_1' title="bbox 249 504 1489 582">
     <span class='ocr_line' id='line_1_1' title="bbox 249 504 1489 582; baseline -0.002 -15"><span class='ocrx_word' id='word_1_1' title='bbox 249 507 298 567; x_wconf 93' lang='lat' dir='ltr'>lll.</span> <span class='ocrx_word' id='word_1_2' title='bbox 319 507 399 569; x_wconf 90' lang='lat' dir='ltr'>Prol.</span> <span class='ocrx_word' id='word_1_3' title='bbox 423 506 460 566; x_wconf 81' lang='lat' dir='ltr'>tl</span> <span class='ocrx_word' id='word_1_4' title='bbox 481 521 510 579; x_wconf 90' lang='lat' dir='ltr'>p.</span> <span class='ocrx_word' id='word_1_5' title='bbox 529 507 599 567; x_wconf 84' lang='grc'>152.</span> <span class='ocrx_word' id='word_1_6' title='bbox 622 504 689 565; x_wconf 87' lang='lat' dir='ltr'>Liv.</span> <span class='ocrx_word' id='word_1_7' title='bbox 713 506 735 563; x_wconf 93' lang='lat' dir='ltr'>l.</span> <span class='ocrx_word' id='word_1_8' title='bbox 760 504 816 568; x_wconf 82' lang='lat' dir='ltr'>ao:</span> <span class='ocrx_word' id='word_1_9' title='bbox 839 521 930 566; x_wconf 85' lang='lat' dir='ltr'>sacra</span> <span class='ocrx_word' id='word_1_10' title='bbox 953 505 1095 582; x_wconf 81' lang='lat' dir='ltr'>regiae</span> <span class='ocrx_word' id='word_1_11' title='bbox 1120 504 1238 566; x_wconf 91' lang='lat' dir='ltr'>vicis.</span> <span class='ocrx_word' id='word_1_12' title='bbox 1274 506 1396 567; x_wconf 85' lang='lat' dir='ltr'>Patron.</span> <span class='ocrx_word' id='word_1_13' title='bbox 1487 513 1489 576; x_wconf 64' lang='lat' dir='ltr'>t</span> 
     </span>
    </p>
   </div>
   <div class='ocr_carea' id='block_1_2' title="bbox 248 604 1400 989">
    <p class='ocr_par' dir='ltr' id='par_1_2' title="bbox 248 604 1400 989">
     <span class='ocr_line' id='line_1_2' title="bbox 249 604 1400 682; baseline -0.003 -12"><span class='ocrx_word' id='word_1_14' title='bbox 249 607 330 681; x_wconf 86' lang='lat' dir='ltr'>Troj.</span> <span class='ocrx_word' id='word_1_15' title='bbox 354 608 422 670; x_wconf 89' lang='lat' dir='ltr'>Hal.</span> <span class='ocrx_word' id='word_1_16' title='bbox 447 609 503 668; x_wconf 81' lang='lat' dir='ltr'>lb:</span> <span class='ocrx_word' id='word_1_17' title='bbox 548 605 687 681; x_wconf 76' lang='lat' dir='ltr'>Uterque</span> <span class='ocrx_word' id='word_1_18' title='bbox 717 606 804 665; x_wconf 89' lang='lat' dir='ltr'>iratri</span> <span class='ocrx_word' id='word_1_19' title='bbox 833 604 993 666; x_wconf 73' lang='lat' dir='ltr'><strong>transtulit</strong></span> <span class='ocrx_word' id='word_1_20' title='bbox 1022 606 1113 682; x_wconf 90' lang='lat' dir='ltr'>pias</span> <span class='ocrx_word' id='word_1_21' title='bbox 1146 607 1292 668; x_wconf 83' lang='lat' dir='ltr'>vices.“</span> <span class='ocrx_word' id='word_1_22' title='bbox 1337 609 1400 668; x_wconf 90' lang='lat' dir='ltr'>Nec</span> 
     </span>
     <span class='ocr_line' id='line_1_3' title="bbox 249 695 1400 791; baseline -0.005 -17"><span class='ocrx_word' id='word_1_23' title='bbox 249 715 415 774; x_wconf 91' lang='lat' dir='ltr'>obscurum</span> <span class='ocrx_word' id='word_1_24' title='bbox 447 717 511 780; x_wconf 91' lang='lat' dir='ltr'>est,</span> <span class='ocrx_word' id='word_1_25' title='bbox 546 727 608 785; x_wconf 88' lang='lat' dir='ltr'>quo</span> <span class='ocrx_word' id='word_1_26' title='bbox 638 707 763 786; x_wconf 85' lang='lat' dir='ltr'>spectet</span> <span class='ocrx_word' id='word_1_27' title='bbox 794 724 832 769; x_wconf 88' lang='lat' dir='ltr'>aa</span> <span class='ocrx_word' id='word_1_28' title='bbox 860 709 1035 776; x_wconf 84' lang='lat' dir='ltr'>ministerii</span> <span class='ocrx_word' id='word_1_29' title='bbox 1066 727 1129 770; x_wconf 89' lang='lat' dir='ltr'>nou</span> <span class='ocrx_word' id='word_1_30' title='bbox 1162 695 1319 788; x_wconf 84' lang='lat' dir='ltr'>simplicis</span> <span class='ocrx_word' id='word_1_31' title='bbox 1353 708 1400 791; x_wconf 88' lang='lat' dir='ltr'>(ut</span> 
     </span>
     <span class='ocr_line' id='line_1_4' title="bbox 248 810 1400 892; baseline -0.005 -18"><span class='ocrx_word' id='word_1_32' title='bbox 248 816 334 892; x_wconf 78' lang='lat' dir='ltr'>virg,</span> <span class='ocrx_word' id='word_1_33' title='bbox 358 814 472 891; x_wconf 89' lang='lat' dir='ltr'>Georg.</span> <span class='ocrx_word' id='word_1_34' title='bbox 496 812 546 873; x_wconf 88' lang='lat' dir='ltr'>lli.</span> <span class='ocrx_word' id='word_1_35' title='bbox 570 812 647 872; x_wconf 74' lang='lat'>482:</span> <span class='ocrx_word' id='word_1_36' title='bbox 692 811 758 871; x_wconf 90' lang='lat' dir='ltr'>Nec</span> <span class='ocrx_word' id='word_1_37' title='bbox 786 811 852 871; x_wconf 86' lang='lat' dir='ltr'>via</span> <span class='ocrx_word' id='word_1_38' title='bbox 879 810 989 871; x_wconf 92' lang='lat' dir='ltr'>mortis</span> <span class='ocrx_word' id='word_1_39' title='bbox 1021 818 1087 871; x_wconf 89' lang='lat' dir='ltr'>erat</span> <span class='ocrx_word' id='word_1_40' title='bbox 1122 811 1327 888; x_wconf 86' lang='lat' dir='ltr'>simplex“</span> <span class='ocrx_word' id='word_1_41' title='bbox 1364 813 1400 872; x_wconf 85' lang='lat' dir='ltr'>ct.</span> 
     </span>
     <span class='ocr_line' id='line_1_5' title="bbox 248 913 1399 989; baseline -0.006 -11"><span class='ocrx_word' id='word_1_42' title='bbox 248 919 396 978; x_wconf 88' lang='lat' dir='ltr'>Bernecc.</span> <span class='ocrx_word' id='word_1_43' title='bbox 426 914 537 976; x_wconf 85' lang='lat' dir='ltr'>lustin.</span> <span class='ocrx_word' id='word_1_44' title='bbox 567 913 632 974; x_wconf 87' lang='lat' dir='ltr'><strong>XII.</strong></span> <span class='ocrx_word' id='word_1_45' title='bbox 660 914 749 984; x_wconf 81' lang='lat' dir='ltr'>raa</span> <span class='ocrx_word' id='word_1_46' title='bbox 784 913 1150 986; x_wconf 67' lang='lat' dir='ltr'>perculserint.</span> <span class='ocrx_word' id='word_1_47' title='bbox 1180 914 1262 989; x_wconf 87' lang='lat' dir='ltr'>Epit.</span> <span class='ocrx_word' id='word_1_48' title='bbox 1288 915 1348 974; x_wconf 91' lang='lat' dir='ltr'>XL.</span> <span class='ocrx_word' id='word_1_49' title='bbox 1373 916 1399 974; x_wconf 85' lang='lat'>8.</span> 
     </span>
    </p>
   </div>
   <div class='ocr_carea' id='block_1_3' title="bbox 250 1013 1490 1094">
    <p class='ocr_par' dir='ltr' id='par_1_3' title="bbox 250 1013 1490 1094">
     <span class='ocr_line' id='line_1_6' title="bbox 250 1013 1490 1094; baseline -0.003 -15"><span class='ocrx_word' id='word_1_50' title='bbox 250 1021 388 1080; x_wconf 88' lang='lat' dir='ltr'>Lactant.</span> <span class='ocrx_word' id='word_1_51' title='bbox 408 1018 430 1078; x_wconf 91' lang='lat'>1.</span> <span class='ocrx_word' id='word_1_52' title='bbox 452 1017 502 1085; x_wconf 89' lang='lat'>10,</span> <span class='ocrx_word' id='word_1_53' title='bbox 522 1017 557 1075; x_wconf 79' lang='lat' dir='ltr'>b:</span> <span class='ocrx_word' id='word_1_54' title='bbox 581 1015 831 1094; x_wconf 85' lang='lat' dir='ltr'>simpliciter</span> <span class='ocrx_word' id='word_1_55' title='bbox 853 1022 1022 1076; x_wconf 88' lang='lat' dir='ltr'>mortuos“</span> <span class='ocrx_word' id='word_1_56' title='bbox 1049 1013 1152 1075; x_wconf 88' lang='lat' dir='ltr'>idest</span> <span class='ocrx_word' id='word_1_57' title='bbox 1176 1035 1237 1077; x_wconf 90' lang='lat' dir='ltr'>nou</span> <span class='ocrx_word' id='word_1_58' title='bbox 1261 1017 1401 1077; x_wconf 75' lang='lat' dir='ltr'>alternis.</span> <span class='ocrx_word' id='word_1_59' title='bbox 1489 1041 1490 1056; x_wconf 56' lang='lat'>1</span> 
     </span>
    </p>
   </div>
   <div class='ocr_carea' id='block_1_4' title="bbox 250 1101 1491 2835">
    <p class='ocr_par' dir='ltr' id='par_1_4' title="bbox 250 1101 1491 2835">
     <span class='ocr_line' id='line_1_7' title="bbox 250 1101 1400 1199; baseline -0.003 -18"><span class='ocrx_word' id='word_1_60' title='bbox 250 1122 351 1181; x_wconf 89' lang='lat' dir='ltr'>Burm.</span> <span class='ocrx_word' id='word_1_61' title='bbox 375 1122 489 1181; x_wconf 88' lang='lat' dir='ltr'>Lucan.</span> <span class='ocrx_word' id='word_1_62' title='bbox 511 1119 562 1178; x_wconf 94' lang='lat' dir='ltr'>lll.</span> <span class='ocrx_word' id='word_1_63' title='bbox 585 1120 643 1180; x_wconf 75' lang='grc'>151</span> <span class='ocrx_word' id='word_1_64' title='bbox 671 1137 700 1195; x_wconf 92' lang='lat' dir='ltr'>p.</span> <span class='ocrx_word' id='word_1_65' title='bbox 715 1101 791 1199; x_wconf 83' lang='grc'>226)</span> <span class='ocrx_word' id='word_1_66' title='bbox 825 1116 895 1177; x_wconf 90' lang='lat' dir='ltr'>sive</span> <span class='ocrx_word' id='word_1_67' title='bbox 926 1117 1045 1194; x_wconf 84' lang='lat' dir='ltr'>gemini</span> <span class='ocrx_word' id='word_1_68' title='bbox 1075 1124 1170 1193; x_wconf 88' lang='lat' dir='ltr'>atque</span> <span class='ocrx_word' id='word_1_69' title='bbox 1193 1119 1275 1179; x_wconf 88' lang='lat' dir='ltr'>adeo</span> <span class='ocrx_word' id='word_1_70' title='bbox 1300 1120 1400 1179; x_wconf 90' lang='lat' dir='ltr'>multi-</span> 
     </span>
     <span class='ocr_line' id='line_1_8' title="bbox 250 1219 1401 1303; baseline -0.002 -21"><span class='ocrx_word' id='word_1_71' title='bbox 250 1223 345 1297; x_wconf 87' lang='lat' dir='ltr'>plicis</span> <span class='ocrx_word' id='word_1_72' title='bbox 369 1219 634 1283; x_wconf 75' lang='lat' dir='ltr'>commemoratio.</span> <span class='ocrx_word' id='word_1_73' title='bbox 690 1219 801 1295; x_wconf 84' lang='lat' dir='ltr'>Neque</span> <span class='ocrx_word' id='word_1_74' title='bbox 833 1219 916 1280; x_wconf 91' lang='lat' dir='ltr'>enim</span> <span class='ocrx_word' id='word_1_75' title='bbox 939 1221 1148 1303; x_wconf 86' lang='lat' dir='ltr'>praestitutae</span> <span class='ocrx_word' id='word_1_76' title='bbox 1171 1221 1320 1282; x_wconf 85' lang='lat' dir='ltr'>carminis</span> <span class='ocrx_word' id='word_1_77' title='bbox 1343 1222 1401 1281; x_wconf 88' lang='lat' dir='ltr'>lor-</span> 
     </span>
     <span class='ocr_line' id='line_1_9' title="bbox 250 1307 1401 1398; baseline -0.001 -12"><span class='ocrx_word' id='word_1_78' title='bbox 250 1341 320 1386; x_wconf 89' lang='lat' dir='ltr'>mae</span> <span class='ocrx_word' id='word_1_79' title='bbox 350 1342 412 1385; x_wconf 91' lang='lat' dir='ltr'>non</span> <span class='ocrx_word' id='word_1_80' title='bbox 443 1330 689 1384; x_wconf 89' lang='lat' dir='ltr'>consentaneum</span> <span class='ocrx_word' id='word_1_81' title='bbox 721 1323 780 1398; x_wconf 88' lang='lat' dir='ltr'>tuit</span> <span class='ocrx_word' id='word_1_82' title='bbox 810 1339 875 1382; x_wconf 89' lang='lat' dir='ltr'>ram</span> <span class='ocrx_word' id='word_1_83' title='bbox 904 1307 1056 1392; x_wconf 89' lang='lat' dir='ltr'>indicari,</span> <span class='ocrx_word' id='word_1_84' title='bbox 1092 1308 1184 1398; x_wconf 89' lang='lat' dir='ltr'>quam</span> <span class='ocrx_word' id='word_1_85' title='bbox 1207 1331 1401 1386; x_wconf 87' lang='lat' dir='ltr'>contestatus</span> 
     </span>
     <span class='ocr_line' id='line_1_10' title="bbox 252 1417 1491 1510; baseline 0.001 -22"><span class='ocrx_word' id='word_1_86' title='bbox 252 1434 302 1488; x_wconf 84' lang='lat' dir='ltr'>est</span> <span class='ocrx_word' id='word_1_87' title='bbox 329 1428 390 1490; x_wconf 85' lang='lat' dir='ltr'>Dio</span> <span class='ocrx_word' id='word_1_88' title='bbox 422 1426 550 1486; x_wconf 80' lang='lat' dir='ltr'>Cassius</span> <span class='ocrx_word' id='word_1_89' title='bbox 580 1424 653 1487; x_wconf 87' lang='lat' dir='ltr'>LlV.</span> <span class='ocrx_word' id='word_1_90' title='bbox 686 1425 742 1482; x_wconf 82' lang='lat'>22:</span> <span class='ocrx_word' id='word_1_91' title='bbox 779 1425 833 1485; x_wconf 79' lang='grc' dir='ltr'>καὶ</span> <span class='ocrx_word' id='word_1_92' title='bbox 862 1417 899 1497; x_wconf 71' lang='grc' dir='ltr'>ὃς</span> <span class='ocrx_word' id='word_1_93' title='bbox 926 1460 976 1490; x_wconf 89' lang='grc'>-,</span> <span class='ocrx_word' id='word_1_94' title='bbox 999 1418 1052 1486; x_wconf 77' lang='grc' dir='ltr'>διὰ</span> <span class='ocrx_word' id='word_1_95' title='bbox 1083 1426 1203 1506; x_wconf 81' lang='grc' dir='ltr'><strong><em>ταχέων</em></strong></span> <span class='ocrx_word' id='word_1_96' title='bbox 1231 1419 1400 1510; x_wconf 56' lang='lat' dir='ltr'>depedace·</span> <span class='ocrx_word' id='word_1_97' title='bbox 1490 1445 1491 1456; x_wconf 62' lang='lat'>¹</span> 
     </span>
     <span class='ocr_line' id='line_1_11' title="bbox 252 1521 1403 1612; baseline -0.001 -19"><span class='ocrx_word' id='word_1_98' title='bbox 252 1527 333 1594; x_wconf 74' lang='lat' dir='ltr'>aiore</span> <span class='ocrx_word' id='word_1_99' title='bbox 355 1525 524 1608; x_wconf 73' lang='grc' dir='ltr'><strong><em>καὶτιμὰς</em></strong></span> <span class='ocrx_word' id='word_1_100' title='bbox 545 1521 753 1609; x_wconf 77' lang='grc' dir='ltr'><strong><em>στρατηγικὰς</em></strong></span> <span class='ocrx_word' id='word_1_101' title='bbox 782 1525 835 1589; x_wconf 76' lang='grc' dir='ltr'>ἐπὶ</span> <span class='ocrx_word' id='word_1_102' title='bbox 865 1521 965 1612; x_wconf 77' lang='grc' dir='ltr'><em>τούτῳ</em></span> <span class='ocrx_word' id='word_1_103' title='bbox 994 1530 1111 1608; x_wconf 79' lang='grc' dir='ltr'><strong><em>λαβεῖν.</em></strong></span> <span class='ocrx_word' id='word_1_104' title='bbox 1160 1528 1249 1588; x_wconf 86' lang='lat' dir='ltr'>Unde</span> <span class='ocrx_word' id='word_1_105' title='bbox 1272 1530 1403 1592; x_wconf 81' lang='lat' dir='ltr'>discitur</span> 
     </span>
     <span class='ocr_line' id='line_1_12' title="bbox 251 1630 1401 1708; baseline 0 -15"><span class='ocrx_word' id='word_1_106' title='bbox 251 1633 351 1702; x_wconf 91' lang='lat' dir='ltr'>bello,</span> <span class='ocrx_word' id='word_1_107' title='bbox 382 1631 465 1708; x_wconf 92' lang='lat' dir='ltr'>quod</span> <span class='ocrx_word' id='word_1_108' title='bbox 490 1636 522 1689; x_wconf 90' lang='lat' dir='ltr'>et</span> <span class='ocrx_word' id='word_1_109' title='bbox 545 1631 749 1690; x_wconf 86' lang='lat' dir='ltr'>certaminum</span> <span class='ocrx_word' id='word_1_110' title='bbox 770 1630 925 1691; x_wconf 89' lang='lat' dir='ltr'>varietate</span> <span class='ocrx_word' id='word_1_111' title='bbox 951 1636 984 1688; x_wconf 90' lang='lat' dir='ltr'>et</span> <span class='ocrx_word' id='word_1_112' title='bbox 1007 1631 1148 1690; x_wconf 90' lang='lat' dir='ltr'>laborum</span> <span class='ocrx_word' id='word_1_113' title='bbox 1178 1633 1401 1707; x_wconf 88' lang='lat' dir='ltr'>periculorum-</span> 
     </span>
     <span class='ocr_line' id='line_1_13' title="bbox 254 1731 1402 1820; baseline 0.003 -27"><span class='ocrx_word' id='word_1_114' title='bbox 254 1750 316 1810; x_wconf 90' lang='lat' dir='ltr'>que</span> <span class='ocrx_word' id='word_1_115' title='bbox 339 1732 554 1809; x_wconf 87' lang='lat' dir='ltr'>magnitudine</span> <span class='ocrx_word' id='word_1_116' title='bbox 571 1731 697 1808; x_wconf 85' lang='lat' dir='ltr'>insigne</span> <span class='ocrx_word' id='word_1_117' title='bbox 714 1739 818 1802; x_wconf 89' lang='lat' dir='ltr'>esset,</span> <span class='ocrx_word' id='word_1_118' title='bbox 840 1733 978 1791; x_wconf 92' lang='lat' dir='ltr'>Drusum·</span> <span class='ocrx_word' id='word_1_119' title='bbox 991 1731 1168 1820; x_wconf 81' lang='lat' dir='ltr'>rudimenta</span> <span class='ocrx_word' id='word_1_120' title='bbox 1183 1732 1228 1793; x_wconf 92' lang='lat' dir='ltr'>ita</span> <span class='ocrx_word' id='word_1_121' title='bbox 1244 1736 1402 1810; x_wconf 90' lang='lat' dir='ltr'>posuisse,</span> 
     </span>
     <span class='ocr_line' id='line_1_14' title="bbox 253 1833 1402 1911; baseline 0.001 -15"><span class='ocrx_word' id='word_1_122' title='bbox 253 1841 286 1896; x_wconf 88' lang='lat' dir='ltr'>ut</span> <span class='ocrx_word' id='word_1_123' title='bbox 310 1842 341 1896; x_wconf 90' lang='lat' dir='ltr'>et</span> <span class='ocrx_word' id='word_1_124' title='bbox 364 1835 396 1896; x_wconf 91' lang='lat' dir='ltr'>in</span> <span class='ocrx_word' id='word_1_125' title='bbox 419 1838 510 1897; x_wconf 88' lang='lat' dir='ltr'>robus</span> <span class='ocrx_word' id='word_1_126' title='bbox 533 1852 626 1894; x_wconf 88' lang='lat' dir='ltr'>manu</span> <span class='ocrx_word' id='word_1_127' title='bbox 648 1833 799 1911; x_wconf 85' lang='lat' dir='ltr'>gerendis</span> <span class='ocrx_word' id='word_1_128' title='bbox 823 1843 852 1894; x_wconf 87' lang='lat' dir='ltr'>et</span> <span class='ocrx_word' id='word_1_129' title='bbox 878 1835 909 1893; x_wconf 91' lang='lat' dir='ltr'>in</span> <span class='ocrx_word' id='word_1_130' title='bbox 934 1834 1080 1893; x_wconf 90' lang='lat' dir='ltr'>consiliis</span> <span class='ocrx_word' id='word_1_131' title='bbox 1103 1840 1167 1895; x_wconf 89' lang='lat' dir='ltr'>turn</span> <span class='ocrx_word' id='word_1_132' title='bbox 1191 1837 1343 1898; x_wconf 87' lang='lat' dir='ltr'>celeriter</span> <span class='ocrx_word' id='word_1_133' title='bbox 1358 1856 1402 1898; x_wconf 88' lang='lat' dir='ltr'>ca-</span> 
     </span>
     <span class='ocr_line' id='line_1_15' title="bbox 254 1935 1402 2021; baseline 0 -23"><span class='ocrx_word' id='word_1_134' title='bbox 254 1937 383 2015; x_wconf 89' lang='lat' dir='ltr'>piendis</span> <span class='ocrx_word' id='word_1_135' title='bbox 411 1942 475 1997; x_wconf 89' lang='lat' dir='ltr'>tum</span> <span class='ocrx_word' id='word_1_136' title='bbox 507 1943 635 1997; x_wconf 89' lang='lat' dir='ltr'>strenue</span> <span class='ocrx_word' id='word_1_137' title='bbox 665 1936 880 2011; x_wconf 84' lang='lat' dir='ltr'>exsequendis</span> <span class='ocrx_word' id='word_1_138' title='bbox 906 1935 1018 2018; x_wconf 82' lang='lat' dir='ltr'>(Carm.</span> <span class='ocrx_word' id='word_1_139' title='bbox 1042 1935 1091 1995; x_wconf 87' lang='lat' dir='ltr'>IV.</span> <span class='ocrx_word' id='word_1_140' title='bbox 1115 1938 1145 2007; x_wconf 83' lang='grc'>1,</span> <span class='ocrx_word' id='word_1_141' title='bbox 1168 1935 1224 2021; x_wconf 83' lang='grc'>21)</span> <span class='ocrx_word' id='word_1_142' title='bbox 1256 1955 1292 1998; x_wconf 90' lang='lat' dir='ltr'>se</span> <span class='ocrx_word' id='word_1_143' title='bbox 1316 1955 1402 2016; x_wconf 89' lang='lat' dir='ltr'>prae-</span> 
     </span>
     <span class='ocr_line' id='line_1_16' title="bbox 254 2037 1404 2115; baseline -0.002 -13"><span class='ocrx_word' id='word_1_144' title='bbox 254 2047 352 2102; x_wconf 87' lang='lat' dir='ltr'>staret</span> <span class='ocrx_word' id='word_1_145' title='bbox 374 2039 568 2099; x_wconf 88' lang='lat' dir='ltr'>aocrrimum.</span> <span class='ocrx_word' id='word_1_146' title='bbox 603 2038 689 2110; x_wconf 86' lang='lat' dir='ltr'>Quae</span> <span class='ocrx_word' id='word_1_147' title='bbox 711 2038 890 2098; x_wconf 87' lang='lat' dir='ltr'>ministeria</span> <span class='ocrx_word' id='word_1_148' title='bbox 912 2037 1023 2097; x_wconf 92' lang='lat' dir='ltr'>militis</span> <span class='ocrx_word' id='word_1_149' title='bbox 1047 2039 1201 2115; x_wconf 91' lang='lat' dir='ltr'>ducisque</span> <span class='ocrx_word' id='word_1_150' title='bbox 1217 2041 1404 2102; x_wconf 87' lang='lat' dir='ltr'>lelicissime</span> 
     </span>
     <span class='ocr_line' id='line_1_17' title="bbox 255 2139 1403 2220; baseline 0.001 -18"><span class='ocrx_word' id='word_1_151' title='bbox 255 2142 417 2220; x_wconf 84' lang='lat' dir='ltr'>explicata</span> <span class='ocrx_word' id='word_1_152' title='bbox 437 2143 634 2202; x_wconf 88' lang='lat' dir='ltr'>emrcleatius</span> <span class='ocrx_word' id='word_1_153' title='bbox 659 2142 753 2200; x_wconf 83' lang='lat' dir='ltr'>refert</span> <span class='ocrx_word' id='word_1_154' title='bbox 778 2139 917 2211; x_wconf 77' lang='lat' dir='ltr'>Velleius</span> <span class='ocrx_word' id='word_1_155' title='bbox 946 2141 1112 2217; x_wconf 91' lang='lat' dir='ltr'>utriusque</span> <span class='ocrx_word' id='word_1_156' title='bbox 1136 2143 1225 2203; x_wconf 90' lang='lat' dir='ltr'>ducis</span> <span class='ocrx_word' id='word_1_157' title='bbox 1249 2159 1301 2204; x_wconf 88' lang='lat' dir='ltr'>res</span> <span class='ocrx_word' id='word_1_158' title='bbox 1326 2163 1403 2205; x_wconf 91' lang='lat' dir='ltr'>com-</span> 
     </span>
     <span class='ocr_line' id='line_1_18' title="bbox 256 2242 1404 2322; baseline -0.001 -17"><span class='ocrx_word' id='word_1_159' title='bbox 256 2248 370 2322; x_wconf 88' lang='lat' dir='ltr'>plexus</span> <span class='ocrx_word' id='word_1_160' title='bbox 399 2243 450 2303; x_wconf 89' lang='lat' dir='ltr'>bis</span> <span class='ocrx_word' id='word_1_161' title='bbox 478 2242 514 2300; x_wconf 90' lang='lat' dir='ltr'>ll.</span> <span class='ocrx_word' id='word_1_162' title='bbox 539 2247 588 2313; x_wconf 82' lang='lat'>95,</span> <span class='ocrx_word' id='word_1_163' title='bbox 613 2244 646 2303; x_wconf 82' lang='lat'>2:</span> <span class='ocrx_word' id='word_1_164' title='bbox 690 2244 806 2303; x_wconf 86' lang='lat' dir='ltr'>Raetos</span> <span class='ocrx_word' id='word_1_165' title='bbox 835 2243 1088 2320; x_wconf 88' lang='lat' dir='ltr'>Vindelicosque</span> <span class='ocrx_word' id='word_1_166' title='bbox 1126 2247 1271 2322; x_wconf 88' lang='lat' dir='ltr'>aggressi</span> <span class='ocrx_word' id='word_1_167' title='bbox 1301 2247 1404 2306; x_wconf 91' lang='lat' dir='ltr'>multis</span> 
     </span>
     <span class='ocr_line' id='line_1_19' title="bbox 256 2347 1404 2426; baseline 0.001 -17"><span class='ocrx_word' id='word_1_168' title='bbox 256 2349 377 2409; x_wconf 90' lang='lat' dir='ltr'>urbium</span> <span class='ocrx_word' id='word_1_169' title='bbox 402 2353 433 2407; x_wconf 91' lang='lat' dir='ltr'>et</span> <span class='ocrx_word' id='word_1_170' title='bbox 456 2348 656 2408; x_wconf 89' lang='lat' dir='ltr'>castellorum</span> <span class='ocrx_word' id='word_1_171' title='bbox 688 2347 978 2424; x_wconf 85' lang='lat' dir='ltr'>oppugnationibus</span> <span class='ocrx_word' id='word_1_172' title='bbox 1009 2364 1067 2408; x_wconf 91' lang='lat' dir='ltr'>uec</span> <span class='ocrx_word' id='word_1_173' title='bbox 1096 2366 1158 2409; x_wconf 89' lang='lat' dir='ltr'>non</span> <span class='ocrx_word' id='word_1_174' title='bbox 1186 2350 1308 2411; x_wconf 87' lang='lat' dir='ltr'>directa</span> <span class='ocrx_word' id='word_1_175' title='bbox 1331 2367 1404 2426; x_wconf 92' lang='lat' dir='ltr'>quo·</span> 
     </span>
     <span class='ocr_line' id='line_1_20' title="bbox 257 2449 1404 2528; baseline 0.001 -16"><span class='ocrx_word' id='word_1_176' title='bbox 257 2467 319 2528; x_wconf 90' lang='lat' dir='ltr'>que</span> <span class='ocrx_word' id='word_1_177' title='bbox 350 2451 420 2512; x_wconf 89' lang='lat' dir='ltr'>acie</span> <span class='ocrx_word' id='word_1_178' title='bbox 449 2451 587 2511; x_wconf 84' lang='lat' dir='ltr'>feliciter</span> <span class='ocrx_word' id='word_1_179' title='bbox 614 2451 712 2510; x_wconf 81' lang='lat' dir='ltr'>iuncti</span> <span class='ocrx_word' id='word_1_180' title='bbox 743 2456 855 2526; x_wconf 89' lang='lat' dir='ltr'>gentes</span> <span class='ocrx_word' id='word_1_181' title='bbox 886 2449 967 2510; x_wconf 89' lang='lat' dir='ltr'>locis</span> <span class='ocrx_word' id='word_1_182' title='bbox 990 2451 1183 2522; x_wconf 91' lang='lat' dir='ltr'>tutissimas,</span> <span class='ocrx_word' id='word_1_183' title='bbox 1214 2452 1303 2513; x_wconf 93' lang='lat' dir='ltr'>aditu</span> <span class='ocrx_word' id='word_1_184' title='bbox 1327 2453 1404 2513; x_wconf 88' lang='lat' dir='ltr'>dilii-</span> 
     </span>
     <span class='ocr_line' id='line_1_21' title="bbox 255 2552 1402 2632; baseline 0 -18"><span class='ocrx_word' id='word_1_185' title='bbox 255 2554 408 2624; x_wconf 90' lang='lat' dir='ltr'>oillimas,</span> <span class='ocrx_word' id='word_1_186' title='bbox 431 2567 561 2614; x_wconf 89' lang='lat' dir='ltr'>numero</span> <span class='ocrx_word' id='word_1_187' title='bbox 583 2553 785 2627; x_wconf 85' lang='lat' dir='ltr'>trequentes,</span> <span class='ocrx_word' id='word_1_188' title='bbox 808 2553 934 2612; x_wconf 89' lang='lat' dir='ltr'>leritate</span> <span class='ocrx_word' id='word_1_189' title='bbox 959 2559 1064 2614; x_wconf 88' lang='lat' dir='ltr'>truces</span> <span class='ocrx_word' id='word_1_190' title='bbox 1087 2552 1206 2626; x_wconf 87' lang='lat' dir='ltr'>majore</span> <span class='ocrx_word' id='word_1_191' title='bbox 1230 2572 1299 2614; x_wconf 92' lang='lat' dir='ltr'>cum</span> <span class='ocrx_word' id='word_1_192' title='bbox 1325 2556 1402 2632; x_wconf 89' lang='lat' dir='ltr'>peri·</span> 
     </span>
     <span class='ocr_line' id='line_1_22' title="bbox 257 2653 1405 2731; baseline -0.001 -15"><span class='ocrx_word' id='word_1_193' title='bbox 257 2657 345 2726; x_wconf 86' lang='lat' dir='ltr'>culo,</span> <span class='ocrx_word' id='word_1_194' title='bbox 370 2672 462 2731; x_wconf 88' lang='lat' dir='ltr'>quam</span> <span class='ocrx_word' id='word_1_195' title='bbox 485 2655 597 2716; x_wconf 88' lang='lat' dir='ltr'>damno</span> <span class='ocrx_word' id='word_1_196' title='bbox 620 2653 754 2715; x_wconf 85' lang='lat' dir='ltr'>Romani</span> <span class='ocrx_word' id='word_1_197' title='bbox 772 2654 933 2715; x_wconf 86' lang='lat' dir='ltr'>exercitus</span> <span class='ocrx_word' id='word_1_198' title='bbox 949 2657 1223 2730; x_wconf 88' lang='lat' dir='ltr'>perdomuerunt“</span> <span class='ocrx_word' id='word_1_199' title='bbox 1248 2657 1405 2718; x_wconf 74' lang='lat' dir='ltr'>ciliani.</span> 
     </span>
     <span class='ocr_line' id='line_1_23' title="bbox 256 2757 1406 2835; baseline -0.001 -17"><span class='ocrx_word' id='word_1_200' title='bbox 256 2759 337 2819; x_wconf 83' lang='lat' dir='ltr'>Fast.</span> <span class='ocrx_word' id='word_1_201' title='bbox 355 2776 383 2835; x_wconf 90' lang='lat' dir='ltr'>p.</span> <span class='ocrx_word' id='word_1_202' title='bbox 398 2758 456 2819; x_wconf 87' lang='grc'>211</span> <span class='ocrx_word' id='word_1_203' title='bbox 473 2775 537 2833; x_wconf 85' lang='lat' dir='ltr'>sq,</span> <span class='ocrx_word' id='word_1_204' title='bbox 561 2757 709 2818; x_wconf 85' lang='lat' dir='ltr'>Horatius</span> <span class='ocrx_word' id='word_1_205' title='bbox 726 2763 877 2817; x_wconf 90' lang='lat' dir='ltr'>monstrat</span> <span class='ocrx_word' id='word_1_206' title='bbox 894 2757 935 2817; x_wconf 95' lang='lat' dir='ltr'>iis</span> <span class='ocrx_word' id='word_1_207' title='bbox 951 2758 1112 2829; x_wconf 80' lang='lat' dir='ltr'>uersibus,</span> <span class='ocrx_word' id='word_1_208' title='bbox 1137 2760 1252 2833; x_wconf 91' lang='lat' dir='ltr'>quibus</span> <span class='ocrx_word' id='word_1_209' title='bbox 1272 2766 1305 2818; x_wconf 89' lang='lat' dir='ltr'>et</span> <span class='ocrx_word' id='word_1_210' title='bbox 1321 2760 1406 2834; x_wconf 92' lang='lat' dir='ltr'>ipsos</span> 
     </span>
    </p>
   </div>
   <div class='ocr_carea' id='block_1_5' title="bbox 257 2854 1494 2936">
    <p class='ocr_par' dir='ltr' id='par_1_5' title="bbox 257 2854 1494 2936">
     <span class='ocr_line' id='line_1_24' title="bbox 257 2854 1494 2936; baseline -0.002 -16"><span class='ocrx_word' id='word_1_211' title='bbox 257 2862 368 2920; x_wconf 88' lang='lat' dir='ltr'>hostes</span> <span class='ocrx_word' id='word_1_212' title='bbox 399 2860 438 2920; x_wconf 89' lang='lat' dir='ltr'>ad</span> <span class='ocrx_word' id='word_1_213' title='bbox 461 2859 661 2920; x_wconf 88' lang='lat' dir='ltr'>incursiones</span> <span class='ocrx_word' id='word_1_214' title='bbox 692 2859 955 2936; x_wconf 81' lang='lat' dir='ltr'>expeditissimos</span> <span class='ocrx_word' id='word_1_215' title='bbox 979 2866 1011 2919; x_wconf 91' lang='lat' dir='ltr'>et</span> <span class='ocrx_word' id='word_1_216' title='bbox 1035 2861 1229 2921; x_wconf 89' lang='lat' dir='ltr'>immanitate</span> <span class='ocrx_word' id='word_1_217' title='bbox 1258 2854 1406 2922; x_wconf 81' lang='lat' dir='ltr'>barbaros</span> <span class='ocrx_word' id='word_1_218' title='bbox 1493 2881 1494 2890; x_wconf 50' lang='lat'>¹</span> 
     </span>
    </p>
   </div>
   <div class='ocr_carea' id='block_1_6' title="bbox 257 2959 1409 4380">
    <p class='ocr_par' dir='ltr' id='par_1_6' title="bbox 257 2959 1409 4380">
     <span class='ocr_line' id='line_1_25' title="bbox 257 2959 1408 3046; baseline 0.003 -25"><span class='ocrx_word' id='word_1_219' title='bbox 257 2959 310 3044; x_wconf 88' lang='lat' dir='ltr'>(cl.</span> <span class='ocrx_word' id='word_1_220' title='bbox 333 2962 425 3022; x_wconf 88' lang='lat' dir='ltr'>Dion.</span> <span class='ocrx_word' id='word_1_221' title='bbox 449 2963 468 3021; x_wconf 92' lang='lat' dir='ltr'>l.</span> <span class='ocrx_word' id='word_1_222' title='bbox 484 2962 512 3022; x_wconf 92' lang='lat' dir='ltr'>d.</span> <span class='ocrx_word' id='word_1_223' title='bbox 532 2963 611 3022; x_wconf 82' lang='lat' dir='ltr'>Flor.</span> <span class='ocrx_word' id='word_1_224' title='bbox 633 2963 682 3022; x_wconf 90' lang='lat' dir='ltr'>lV.</span> <span class='ocrx_word' id='word_1_225' title='bbox 709 2963 758 3032; x_wconf 92' lang='grc'>12,</span> <span class='ocrx_word' id='word_1_226' title='bbox 784 2965 810 3022; x_wconf 85' lang='lat'>5.</span> <span class='ocrx_word' id='word_1_227' title='bbox 853 2962 968 3034; x_wconf 84' lang='lat' dir='ltr'>Vellej.</span> <span class='ocrx_word' id='word_1_228' title='bbox 1001 2963 1021 3021; x_wconf 92' lang='lat' dir='ltr'>l.</span> <span class='ocrx_word' id='word_1_229' title='bbox 1039 2960 1084 3046; x_wconf 87' lang='lat' dir='ltr'>d.)</span> <span class='ocrx_word' id='word_1_230' title='bbox 1113 2965 1223 3039; x_wconf 93' lang='lat' dir='ltr'>pulsos</span> <span class='ocrx_word' id='word_1_231' title='bbox 1253 2970 1286 3023; x_wconf 92' lang='lat' dir='ltr'>et</span> <span class='ocrx_word' id='word_1_232' title='bbox 1315 2965 1408 3024; x_wconf 89' lang='lat' dir='ltr'>multa</span> 
     </span>
     <span class='ocr_line' id='line_1_26' title="bbox 258 3064 1407 3144; baseline 0.002 -21"><span class='ocrx_word' id='word_1_233' title='bbox 258 3065 391 3124; x_wconf 87' lang='lat' dir='ltr'>castella</span> <span class='ocrx_word' id='word_1_234' title='bbox 404 3071 584 3142; x_wconf 87' lang='lat' dir='ltr'>oppugnata</span> <span class='ocrx_word' id='word_1_235' title='bbox 601 3077 675 3124; x_wconf 90' lang='lat' dir='ltr'>esse</span> <span class='ocrx_word' id='word_1_236' title='bbox 687 3071 808 3125; x_wconf 91' lang='lat' dir='ltr'>narrat:</span> <span class='ocrx_word' id='word_1_237' title='bbox 825 3064 1006 3136; x_wconf 86' lang='lat' dir='ltr'>Genaunos,</span> <span class='ocrx_word' id='word_1_238' title='bbox 1023 3065 1286 3140; x_wconf 88' lang='lat' dir='ltr'>implacidum</span> <span class='ocrx_word' id='word_1_239' title='bbox 1299 3081 1407 3144; x_wconf 89' lang='lat' dir='ltr'>genus,</span> 
     </span>
     <span class='ocr_line' id='line_1_27' title="bbox 258 3165 1408 3243; baseline 0.001 -19"><span class='ocrx_word' id='word_1_240' title='bbox 258 3165 463 3240; x_wconf 85' lang='lat' dir='ltr'>Breunosque</span> <span class='ocrx_word' id='word_1_241' title='bbox 486 3169 657 3227; x_wconf 90' lang='lat' dir='ltr'>veloces</span> <span class='ocrx_word' id='word_1_242' title='bbox 682 3173 713 3226; x_wconf 89' lang='lat' dir='ltr'>et</span> <span class='ocrx_word' id='word_1_243' title='bbox 736 3183 851 3227; x_wconf 88' lang='lat' dir='ltr'>arces</span> <span class='ocrx_word' id='word_1_244' title='bbox 875 3167 1011 3243; x_wconf 85' lang='lat' dir='ltr'>Alpibus</span> <span class='ocrx_word' id='word_1_245' title='bbox 1041 3167 1208 3243; x_wconf 92' lang='lat' dir='ltr'>impositas</span> <span class='ocrx_word' id='word_1_246' title='bbox 1237 3168 1408 3229; x_wconf 90' lang='lat' dir='ltr'>tremendis</span> 
     </span>
     <span class='ocr_line' id='line_1_28' title="bbox 258 3268 1408 3352; baseline 0 -24"><span class='ocrx_word' id='word_1_247' title='bbox 258 3268 404 3341; x_wconf 67' lang='lat' dir='ltr'>dejecim‘</span> <span class='ocrx_word' id='word_1_248' title='bbox 429 3268 521 3352; x_wconf 88' lang='lat' dir='ltr'>(quas</span> <span class='ocrx_word' id='word_1_249' title='bbox 545 3271 655 3331; x_wconf 87' lang='lat' dir='ltr'>laudes</span> <span class='ocrx_word' id='word_1_250' title='bbox 680 3271 734 3330; x_wconf 86' lang='lat' dir='ltr'>vix</span> <span class='ocrx_word' id='word_1_251' title='bbox 757 3286 873 3331; x_wconf 88' lang='lat' dir='ltr'>vereor</span> <span class='ocrx_word' id='word_1_252' title='bbox 894 3285 934 3330; x_wconf 89' lang='lat' dir='ltr'>ne</span> <span class='ocrx_word' id='word_1_253' title='bbox 959 3269 1031 3345; x_wconf 91' lang='lat' dir='ltr'>quis</span> <span class='ocrx_word' id='word_1_254' title='bbox 1053 3269 1173 3330; x_wconf 86' lang='lat' dir='ltr'>memor</span> <span class='ocrx_word' id='word_1_255' title='bbox 1194 3269 1310 3330; x_wconf 91' lang='lat' dir='ltr'>Dionis</span> <span class='ocrx_word' id='word_1_256' title='bbox 1335 3271 1408 3329; x_wconf 90' lang='lat' dir='ltr'>l.d.:</span> 
     </span>
     <span class='ocr_line' id='line_1_29' title="bbox 258 3361 1408 3457; baseline -0.001 -23"><span class='ocrx_word' id='word_1_257' title='bbox 258 3376 312 3434; x_wconf 76' lang='grc' dir='ltr'>καὶ</span> <span class='ocrx_word' id='word_1_258' title='bbox 340 3366 379 3446; x_wconf 73' lang='grc' dir='ltr'>ὃς</span> <span class='ocrx_word' id='word_1_259' title='bbox 408 3366 490 3457; x_wconf 82' lang='grc' dir='ltr'><strong><em>πρὸς</em></strong></span> <span class='ocrx_word' id='word_1_260' title='bbox 517 3369 590 3446; x_wconf 74' lang='grc' dir='ltr'>τοὺς</span> <span class='ocrx_word' id='word_1_261' title='bbox 612 3361 850 3450; x_wconf 78' lang='grc' dir='ltr'><em>ἆπαντῆσαντάς</em></span> <span class='ocrx_word' id='word_1_262' title='bbox 872 3370 907 3436; x_wconf 80' lang='grc' dir='ltr'>οἱ</span> <span class='ocrx_word' id='word_1_263' title='bbox 928 3365 1029 3434; x_wconf 64' lang='lat' dir='ltr'>abacia</span> <span class='ocrx_word' id='word_1_264' title='bbox 1057 3363 1210 3453; x_wconf 59' lang='grc' dir='ltr'>περῖτὰ</span> <span class='ocrx_word' id='word_1_265' title='bbox 1238 3373 1408 3454; x_wconf 78' lang='grc' dir='ltr'><strong><em>Τριδέν-</em></strong></span> 
     </span>
     <span class='ocr_line' id='line_1_30' title="bbox 258 3469 1409 3558; baseline -0.005 -20"><span class='ocrx_word' id='word_1_266' title='bbox 258 3499 347 3538; x_wconf 82' lang='grc' dir='ltr'><strong><em>τινα</em></strong></span> <span class='ocrx_word' id='word_1_267' title='bbox 377 3469 445 3558; x_wconf 69' lang='grc' dir='ltr'>ὅρη</span> <span class='ocrx_word' id='word_1_268' title='bbox 477 3471 688 3558; x_wconf 72' lang='grc' dir='ltr'>συμβαλὼν</span> <span class='ocrx_word' id='word_1_269' title='bbox 723 3471 776 3537; x_wconf 79' lang='grc' dir='ltr'>διὰ</span> <span class='ocrx_word' id='word_1_270' title='bbox 812 3477 932 3558; x_wconf 79' lang='grc' dir='ltr'><strong><em>ταχέων</em></strong></span> <span class='ocrx_word' id='word_1_271' title='bbox 965 3473 1119 3557; x_wconf 72' lang='grc' dir='ltr'><strong><em>ἐτρέψατο</em></strong></span> <span class='ocrx_word' id='word_1_272' title='bbox 1153 3476 1409 3551; x_wconf 86' lang='lat' dir='ltr'>circumscribere</span> 
     </span>
     <span class='ocr_line' id='line_1_31' title="bbox 260 3562 1408 3656; baseline -0.003 -16"><span class='ocrx_word' id='word_1_273' title='bbox 260 3581 406 3640; x_wconf 89' lang='lat' dir='ltr'>instituat</span> <span class='ocrx_word' id='word_1_274' title='bbox 430 3580 488 3639; x_wconf 91' lang='lat' dir='ltr'>bac</span> <span class='ocrx_word' id='word_1_275' title='bbox 511 3579 691 3656; x_wconf 88' lang='lat' dir='ltr'>corrigendi</span> <span class='ocrx_word' id='word_1_276' title='bbox 713 3562 790 3638; x_wconf 78' lang='lat' dir='ltr'>risus</span> <span class='ocrx_word' id='word_1_277' title='bbox 813 3579 953 3639; x_wconf 90' lang='lat' dir='ltr'>ratione:</span> <span class='ocrx_word' id='word_1_278' title='bbox 978 3579 1185 3654; x_wconf 89' lang='lat' dir='ltr'>Breunosque</span> <span class='ocrx_word' id='word_1_279' title='bbox 1209 3579 1342 3638; x_wconf 90' lang='lat' dir='ltr'>veloces</span> <span class='ocrx_word' id='word_1_280' title='bbox 1365 3578 1408 3639; x_wconf 89' lang='lat' dir='ltr'>ad</span> 
     </span>
     <span class='ocr_line' id='line_1_32' title="bbox 260 3680 1408 3753; baseline -0.002 -11"><span class='ocrx_word' id='word_1_281' title='bbox 260 3698 350 3742; x_wconf 87' lang='lat' dir='ltr'>arces</span> <span class='ocrx_word' id='word_1_282' title='bbox 374 3682 444 3741; x_wconf 86' lang='lat' dir='ltr'>sivo</span> <span class='ocrx_word' id='word_1_283' title='bbox 468 3682 540 3741; x_wconf 90' lang='lat' dir='ltr'>sub</span> <span class='ocrx_word' id='word_1_284' title='bbox 563 3697 652 3742; x_wconf 90' lang='lat' dir='ltr'>arces</span> <span class='ocrx_word' id='word_1_285' title='bbox 675 3717 716 3726; x_wconf 83' lang='grc'>-</span> <span class='ocrx_word' id='word_1_286' title='bbox 739 3681 858 3753; x_wconf 85' lang='lat' dir='ltr'>dejecit</span> <span class='ocrx_word' id='word_1_287' title='bbox 867 3691 885 3715; x_wconf 92' lang='grc'>“</span> <span class='ocrx_word' id='word_1_288' title='bbox 910 3682 947 3742; x_wconf 89' lang='lat' dir='ltr'>cf.</span> <span class='ocrx_word' id='word_1_289' title='bbox 972 3681 1049 3742; x_wconf 88' lang='lat' dir='ltr'>Stat.</span> <span class='ocrx_word' id='word_1_290' title='bbox 1075 3683 1171 3742; x_wconf 83' lang='lat' dir='ltr'>Theb.</span> <span class='ocrx_word' id='word_1_291' title='bbox 1187 3682 1208 3740; x_wconf 94' lang='lat' dir='ltr'>l.</span> <span class='ocrx_word' id='word_1_292' title='bbox 1223 3682 1280 3742; x_wconf 81' lang='lat'>20:</span> <span class='ocrx_word' id='word_1_293' title='bbox 1306 3680 1408 3751; x_wconf 87' lang='lat' dir='ltr'>conju-</span> 
     </span>
     <span class='ocr_line' id='line_1_33' title="bbox 261 3782 1409 3858; baseline -0.003 -15"><span class='ocrx_word' id='word_1_294' title='bbox 261 3791 328 3845; x_wconf 91' lang='lat' dir='ltr'>rato</span> <span class='ocrx_word' id='word_1_295' title='bbox 360 3782 549 3855; x_wconf 84' lang='lat' dir='ltr'>dejectos</span> <span class='ocrx_word' id='word_1_296' title='bbox 583 3785 705 3844; x_wconf 88' lang='lat' dir='ltr'>vertice</span> <span class='ocrx_word' id='word_1_297' title='bbox 734 3786 866 3847; x_wconf 87' lang='lat' dir='ltr'>Dacos“</span> <span class='ocrx_word' id='word_1_298' title='bbox 896 3801 932 3845; x_wconf 92' lang='lat' dir='ltr'>ac</span> <span class='ocrx_word' id='word_1_299' title='bbox 960 3784 1083 3844; x_wconf 86' lang='lat' dir='ltr'>Petroit.</span> <span class='ocrx_word' id='word_1_300' title='bbox 1113 3783 1185 3842; x_wconf 88' lang='lat' dir='ltr'>lllut.</span> <span class='ocrx_word' id='word_1_301' title='bbox 1209 3784 1297 3843; x_wconf 85' lang='lat' dir='ltr'>Rom.</span> <span class='ocrx_word' id='word_1_302' title='bbox 1323 3784 1409 3858; x_wconf 84' lang='lat' dir='ltr'>lleip.</span> 
     </span>
     <span class='ocr_line' id='line_1_34' title="bbox 261 3881 1270 3967; baseline -0.004 -22"><span class='ocrx_word' id='word_1_303' title='bbox 261 3887 339 3947; x_wconf 76' lang='lat'><strong>209:</strong></span> <span class='ocrx_word' id='word_1_304' title='bbox 361 3888 441 3948; x_wconf 88' lang='lat' dir='ltr'>Dum</span> <span class='ocrx_word' id='word_1_305' title='bbox 465 3887 581 3946; x_wconf 88' lang='lat' dir='ltr'>Caesar</span> <span class='ocrx_word' id='word_1_306' title='bbox 603 3887 739 3947; x_wconf 87' lang='lat' dir='ltr'>tumidas</span> <span class='ocrx_word' id='word_1_307' title='bbox 763 3885 860 3946; x_wconf 88' lang='lat' dir='ltr'>iratus</span> <span class='ocrx_word' id='word_1_308' title='bbox 884 3885 1080 3960; x_wconf 89' lang='lat' dir='ltr'>deprimit</span> <span class='ocrx_word' id='word_1_309' title='bbox 1103 3881 1270 3967; x_wconf 87' lang='lat' dir='ltr'>arccs“).</span> 
     </span>
     <span class='ocr_line' id='line_1_35' title="bbox 347 3987 1409 4065; baseline -0.006 -16"><span class='ocrx_word' id='word_1_310' title='bbox 347 3989 499 4060; x_wconf 81' lang='lat' dir='ltr'>Quoniam</span> <span class='ocrx_word' id='word_1_311' title='bbox 523 3997 628 4050; x_wconf 88' lang='lat' dir='ltr'>autem</span> <span class='ocrx_word' id='word_1_312' title='bbox 651 3989 832 4050; x_wconf 86' lang='lat' dir='ltr'>Meinekius</span> <span class='ocrx_word' id='word_1_313' title='bbox 863 4008 892 4065; x_wconf 93' lang='lat' dir='ltr'>p.</span> <span class='ocrx_word' id='word_1_314' title='bbox 916 3987 984 4048; x_wconf 88' lang='lat' dir='ltr'>llill</span> <span class='ocrx_word' id='word_1_315' title='bbox 1006 3989 1104 4048; x_wconf 90' lang='lat' dir='ltr'>multa</span> <span class='ocrx_word' id='word_1_316' title='bbox 1135 3989 1166 4047; x_wconf 93' lang='lat' dir='ltr'>in</span> <span class='ocrx_word' id='word_1_317' title='bbox 1190 3989 1251 4047; x_wconf 90' lang='lat' dir='ltr'>hoc</span> <span class='ocrx_word' id='word_1_318' title='bbox 1274 3987 1409 4047; x_wconf 90' lang='lat' dir='ltr'>carmine</span> 
     </span>
     <span class='ocr_line' id='line_1_36' title="bbox 263 4072 1409 4168; baseline -0.007 -15"><span class='ocrx_word' id='word_1_319' title='bbox 263 4091 473 4162; x_wconf 87' lang='lat' dir='ltr'>injustissime</span> <span class='ocrx_word' id='word_1_320' title='bbox 495 4093 692 4152; x_wconf 87' lang='lat' dir='ltr'>criminatum</span> <span class='ocrx_word' id='word_1_321' title='bbox 723 4108 795 4151; x_wconf 91' lang='lat' dir='ltr'>esse</span> <span class='ocrx_word' id='word_1_322' title='bbox 819 4072 1069 4168; x_wconf 83' lang='lat' dir='ltr'>Peerlkampiurrr</span> <span class='ocrx_word' id='word_1_323' title='bbox 1097 4091 1226 4152; x_wconf 89' lang='lat' dir='ltr'>brevius</span> <span class='ocrx_word' id='word_1_324' title='bbox 1249 4088 1409 4156; x_wconf 87' lang='lat' dir='ltr'>indicavit,</span> 
     </span>
     <span class='ocr_line' id='line_1_37' title="bbox 262 4190 1409 4275; baseline -0.003 -23"><span class='ocrx_word' id='word_1_325' title='bbox 262 4193 338 4253; x_wconf 86' lang='lat' dir='ltr'>licet</span> <span class='ocrx_word' id='word_1_326' title='bbox 367 4194 429 4254; x_wconf 92' lang='lat' dir='ltr'>duo</span> <span class='ocrx_word' id='word_1_327' title='bbox 458 4192 605 4265; x_wconf 82' lang='lat' dir='ltr'>adjicere.</span> <span class='ocrx_word' id='word_1_328' title='bbox 659 4195 747 4275; x_wconf 82' lang='lat' dir='ltr'>Quod</span> <span class='ocrx_word' id='word_1_329' title='bbox 779 4196 863 4255; x_wconf 90' lang='lat' dir='ltr'>enim</span> <span class='ocrx_word' id='word_1_330' title='bbox 893 4193 1072 4269; x_wconf 83' lang='lat' dir='ltr'>„Eutropio</span> <span class='ocrx_word' id='word_1_331' title='bbox 1096 4192 1250 4252; x_wconf 87' lang='lat' dir='ltr'>historico</span> <span class='ocrx_word' id='word_1_332' title='bbox 1274 4190 1409 4268; x_wconf 87' lang='lat' dir='ltr'>dignius,</span> 
     </span>
     <span class='ocr_line' id='line_1_38' title="bbox 264 4294 1409 4380; baseline -0.005 -26"><span class='ocrx_word' id='word_1_333' title='bbox 264 4311 353 4371; x_wconf 89' lang='lat' dir='ltr'>quam</span> <span class='ocrx_word' id='word_1_334' title='bbox 386 4303 482 4371; x_wconf 89' lang='lat' dir='ltr'>poeta</span> <span class='ocrx_word' id='word_1_335' title='bbox 515 4297 642 4380; x_wconf 38' lang='lat' dir='ltr'>llyrico“</span> <span class='ocrx_word' id='word_1_336' title='bbox 679 4297 782 4357; x_wconf 91' lang='lat' dir='ltr'>visum</span> <span class='ocrx_word' id='word_1_337' title='bbox 820 4303 866 4355; x_wconf 90' lang='lat' dir='ltr'>est</span> <span class='ocrx_word' id='word_1_338' title='bbox 897 4294 1136 4369; x_wconf 85' lang='lat' dir='ltr'>Peerlkampio:</span> <span class='ocrx_word' id='word_1_339' title='bbox 1170 4313 1256 4354; x_wconf 82' lang='lat' dir='ltr'>mox</span> <span class='ocrx_word' id='word_1_340' title='bbox 1292 4307 1409 4373; x_wconf 82' lang='lat' dir='ltr'>grave</span> 
     </span>
    </p>
   </div>
   <div class='ocr_carea' id='block_1_7' title="bbox 0 0 1536 4988">
    <p class='ocr_par' dir='ltr' id='par_1_7' title="bbox 0 0 1536 4988">
     <span class='ocr_line' id='line_1_39' title="bbox 0 0 1536 4988; baseline 0 0"><span class='ocrx_word' id='word_1_341' title='bbox 0 0 1536 4988; x_wconf 95' lang='lat' dir='ltr'> </span> 
     </span>
    </p>
   </div>
  </div>
 </body>
</html>
