3052 4996
698 399 739 471 53

132 570 253 630 husius
277 588 307 645 p.
326 569 382 637 l2,
407 575 438 626 et
462 569 582 631 Horatii
608 591 624 628 r
663 574 776 632 1-12
800 575 939 651 vestigia
961 585 1127 650 sequutum
1151 579 1287 642 Gunthe-

131 691 203 733 rum
226 671 332 750 Ligur.
353 673 373 731 l.
399 674 458 732 etr
484 673 563 734 haec
587 675 773 750 scripsisse:
797 677 928 754 Regia
950 678 1202 744 sic.volucris
1225 685 1286 760 pri-

129 792 200 836 mas
225 781 259 834 ut
282 790 472 835 crescere
496 776 617 850 plumas
642 779 779 839 Artubus
804 786 834 838 et
857 787 985 841 teneros
1006 782 1174 844 durescere
1198 801 1286 846 sen-

131 877 241 939 serit
272 894 442 954 ungues,
474 877 609 938 Naturae
639 887 778 941 sectatur
801 881 877 952 iter,
906 881 1095 960 jamjamque
1123 892 1285 960 parentum
1374 933 1379 938 .

132 979 291 1041 Olficio
316 980 543 1040 contemnit
568 982 623 1041 ali
647 981 827 1057 nidoque
850 985 961 1046 relicto
984 987 1151 1063 Egreditur
1173 1005 1285 1064 parvo-

131 1100 196 1160 que
221 1083 319 1159 pudet
342 1081 475 1141 latuisse
499 1082 612 1143 cubili:
651 1083 732 1144 Mox
758 1087 878 1146 confisa
901 1086 963 1147 sibi
987 1104 1099 1149 securo
1129 1095 1196 1150 tuta
1218 1109 1285 1149 vo·

129 1189 221 1248 latu
244 1187 307 1244 Aut
329 1186 471 1260 leporem
495 1191 627 1246 venatur
650 1187 735 1264 agris
757 1194 809 1248 aut
823 1190 955 1249 aethere
970 1208 1099 1266 cycnum
1116 1192 1284 1264 Corripit.“

131 1289 297 1350 Gunthero
328 1285 483 1364 subjungo
515 1288 714 1349 Sarbievium
737 1290 772 1348 ll.
805 1292 844 1349 20
877 1293 975 1366 1112.
1035 1292 1142 1362 Qualis
1165 1292 1220 1352 ubi
1243 1327 1283 1338 -

132 1390 246 1452 Audax
264 1389 365 1450 hiulci
381 1389 566 1449 fulminis
583 1391 876 1450 satellesVere
896 1411 997 1452 novo
1021 1395 1283 1469 tenerasAqui-

130 1493 298 1555 lonibus
323 1491 536 1567 experitur
559 1492 647 1551 alas
671 1493 846 1568 Terrasque
877 1495 978 1554 nescit
1002 1495 1282 1570 immemorque

129 1597 216 1656 nidi
240 1593 353 1670 Nlagna
372 1593 472 1668 patris
496 1593 611 1669 relegit
635 1595 805 1670 vestigie.“

648 1811 770 1906 XXX.

214 2005 326 2079 Neque
356 2002 420 2062 alia
450 2000 503 2061 via
527 2000 687 2076 perveniri
710 2002 835 2062 videtur
866 2021 962 2079 posse
992 2005 1031 2065 ad
1054 2005 1281 2074 restituendum

129 2111 232 2168 locum
255 2103 478 2182 perdifficilem
502 2103 537 2162 ll.
562 2105 613 2172 20,
638 2103 655 2162 0
680 2121 742 2178 sq:

720 2205 798 2266 Non
822 2223 895 2284 ego
921 2225 1140 2286 pauperum

257 2307 432 2383 Sanguis
457 2312 684 2381 parentum,
709 2325 783 2368 non
808 2325 901 2386 ego,
926 2328 1037 2386 quem
1059 2330 1154 2387 rocas,

320 2407 485 2468 Dilecte
509 2405 734 2478 Maecenas,
760 2411 892 2470 obibo.

127 2517 175 2577 De
207 2531 270 2589 quo
300 2511 429 2570 multum
464 2516 495 2568 et
527 2508 614 2568 varie
651 2516 698 2569 est
730 2512 916 2586 quaesitum.
974 2515 1114 2590 Namque
1144 2523 1175 2575 et
1205 2516 1281 2589 quid

129 2616 289 2694 significet
313 2614 441 2672 verbum
466 2629 605 2681 vocas,
630 2613 798 2689 ambigitur
821 2631 889 2674 curn
912 2616 950 2675 ab
974 2615 1047 2675 aliis
1063 2621 1127 2675 tum
1142 2634 1161 2676 a
1176 2618 1278 2678 Peerl-

127 2719 274 2794 kampio,
300 2717 354 2792 qui
377 2717 443 2776 vult
466 2717 547 2776 hanc
571 2715 678 2775 inesse
702 2717 905 2777 sententiam:
928 2717 1031 2778 Audio
1054 2736 1165 2779 vocem
1185 2726 1279 2790 tuam,

128 2823 246 2882 dilecte
270 2821 446 2880 Maecenas.
482 2817 532 2876 tte
558 2834 660 2877 rocas.
681 2817 853 2888 Veniam“‚
879 2825 909 2879 et
933 2819 1129 2892 conjecturas
1152 2822 1278 2898 pericli-

127 2924 183 2985 tati
208 2930 280 2983 sunt
294 2955 335 2964 --
350 2927 384 2980 ut
408 2921 550 2980 omittam
578 2919 685 2979 reveri
708 2922 934 2982 Lucentem
964 2942 993 2998 p.
1009 2925 1048 2984 80
1072 2931 1278 2985 commentum

127 3061 168 3073 -
191 3023 361 3084 Nodelius:
386 3037 479 3096 quem
500 3022 514 3080 1
523 3037 635 3091 oveS,
659 3022 815 3098 Bergium
839 3025 917 3084 Mus.
935 3025 1034 3086 llhen.
1052 3025 1129 3086 XIX,
1159 3045 1188 3102 p.
1202 3029 1279 3087 005ε

128 3129 192 3189 oui
209 3143 346 3194 vacas,
370 3124 541 3198 Hauptius:
566 3140 658 3198 quem
683 3131 843 3195 vocant,
868 3126 1043 3202 Seyffertus
1058 3127 1279 3204 apMuetzell.

129 3234 209 3293 Actt.
228 3228 267 3289 ad
281 3244 422 3304 gymnas.
446 3227 561 3300 pertin.
580 3227 659 3286 1802
684 3245 713 3302 p.
730 3229 790 3289 220
815 3246 877 3304 sq:
903 3246 995 3305 quem
1019 3231 1158 3290 colas“
1182 3231 1278 3290 idem-

128 3349 190 3408 que
214 3335 335 3392 mutata
354 3329 417 3400 jam
441 3327 617 3398 sententia,
647 3339 682 3388 ut
705 3330 777 3406 ipse
800 3347 859 3407 per
881 3332 1050 3408 epistolam
1079 3347 1178 3408 nuper
1200 3334 1279 3394 mihi
1371 3322 1378 3331 ’

128 3432 298 3501 indicavit,
323 3432 454 3492 alteram
468 3432 564 3492 hanc:
589 3447 682 3504 quem
705 3438 820 3492 vetas
844 3433 863 3492 1.
880 3449 907 3491 e.
930 3439 1019 3493 vetas
1034 3434 1130 3502 mori,
1154 3435 1279 3508 qualem

128 3535 286 3612 syllepsin
310 3535 396 3594 cerni
420 3533 541 3594 addidit
565 3533 597 3593 in
619 3533 674 3608 Ep.
691 3533 711 3592 Ι.
737 3534 767 3603 2,
783 3536 837 3593 at:
868 3535 896 3596 si
920 3536 1012 3596 noles
1036 3553 1148 3605 senus,
1173 3551 1279 3597 curres

126 3637 354 3713 hydropicus.“
384 3633 519 3712 Madvig.
544 3636 573 3710 ξ.
589 3635 659 3694 418.
683 3641 746 3696 not.
766 3638 795 3694 2.
828 3637 1019 3713 Desperavit
1039 3654 1103 3698 rem
1116 3638 1280 3708 LehrsiuS,

127 3742 183 3816 qui
206 3753 330 3800 carmen
355 3738 475 3812 quippe
496 3753 554 3813 per
578 3737 684 3798 omnia
707 3737 848 3815 ineptum
871 3741 909 3800 ab
932 3739 1063 3801 Horatio
1086 3739 1279 3812 abjudicavit

127 3861 157 3918 p.
181 3841 234 3901 XC
257 3855 303 3914 sq.
355 3837 388 3898 In
419 3838 482 3898 aliu
513 3837 619 3899 omnia
647 3838 875 3902 discedendum
902 3842 1037 3902 videtur.
1092 3841 1145 3901 Sic
1175 3826 1279 3902 autem

128 3943 294 4004 existimo:
324 3941 592 4014 comparationem
623 3957 735 4002 versus
761 3941 845 4014 ejus,
876 3943 930 4019 qui
961 3949 1046 4004 extat
1070 3943 1224 4002 Casmil.
1250 3943 1278 4011 t,

130 4047 184 4106 18:
214 4063 277 4105 nou
301 4044 385 4106 illem
410 4043 469 4104 tibi
492 4043 538 4102 de
562 4044 701 4106 scelesta
724 4046 847 4106 Plebe
869 4045 1107 4113 dilectam“,
1139 4061 1165 4103 a
1180 4060 1278 4120 gram-

126 4146 242 4210 matico
274 4147 344 4206 sive
375 4145 518 4206 studioso
544 4147 694 4222 quodam,
724 4154 757 4206 ut
780 4147 824 4206 ait
848 4146 880 4206 in
904 4146 953 4205 lll.
977 4145 1029 4216 20,
1055 4146 1070 4205 1
1105 4143 1278 4216 Remmius,

127 4252 240 4314 factam
270 4251 311 4309 ‘eo
341 4249 499 4318 valuisse,
534 4255 568 4308 ut
598 4247 754 4308 dilecte
789 4249 896 4317 fieret,
934 4246 1017 4324 quod
1055 4247 1156 4308 tuerat
1185 4243 1280 4330 (que

98 4351 270 4436 ¹vocas)
293 4352 339 4410 de
363 4351 498 4426 plebe:
