3052 4996
670 298 825 394 tn¹

108 477 294 548 culcatu1n3
331 491 400 533 nam
435 474 710 557 membranaceus:
747 465 922 547 munusque
956 471 1080 531 litare
1117 473 1272 533 Dianae.“

107 579 261 638 Litore
284 581 388 636 autem
413 576 484 650 ipso
509 574 656 634 carminis
679 579 864 649 argumento
889 574 1078 649 intelligitur
1097 575 1181 634 idern
1198 590 1272 634 esse

109 687 216 754 atque
241 678 366 738 Genio
389 675 684 746 litare,.Genio
715 675 963 735 sacrificare
992 672 1130 757 (Mitsclr.
1151 677 1200 735 lll.
1224 675 1272 746 rt,

119 784 157 838 lt
185 799 216 856 p.
233 781 291 840 185
322 780 359 839 cl.
384 779 460 838 Stat.
485 775 582 839 Theb.
604 776 653 836 lV.
679 779 755 838 390:
787 784 840 836 tua
864 777 1037 855 progenies
1061 779 1174 853 positis
1198 792 1273 854 gen-

112 883 233 942 tilibus
257 881 352 942 armis
376 879 463 951 Quae
487 879 545 940 tibi
561 880 643 940 testa
666 877 793 962 litat),
818 879 942 938 litare
967 880 1146 940 Caecubo
1169 886 1274 940 autern

113 986 239 1044 dictum
268 989 338 1052 est,
369 989 402 1042 ut
427 989 458 1041 et
483 982 578 1041 litat
600 981 715 1042 vario
739 980 866 1040 latice
890 987 921 1040 et
943 983 1199 1057 amplexibus
1225 982 1274 1043 li-

115 1094 213 1145 tare
237 1083 325 1144 rudi
350 1071 504 1153 Amori,
529 1083 593 1142 alia
616 1083 692 1142 Ond.
716 1082 779 1141 ld.
803 1081 922 1141 laude
945 1083 1110 1143 litamus
1133 1084 1228 1144 Rutil.
1251 1082 1272 1141 l.

116 1189 172 1246 45.
218 1185 410 1260 Quamquam
439 1203 501 1245 non
532 1185 695 1244 defuturos
719 1192 792 1245 ess'e
815 1184 965 1254 arbitror,
996 1186 1052 1260 qui
1082 1187 1275 1246 Caecubum

116 1295 154 1348 et
187 1303 301 1348 uvam
331 1287 464 1347 retineri
493 1287 602 1347 malint
626 1302 782 1347 memores
815 1300 939 1355 eorum,
968 1287 1023 1361 qni
1046 1286 1192 1347 dixerunt
1215 1304 1274 1348 sa-

115 1409 204 1460 cra,
228 1396 322 1450 exta
345 1390 470 1449 litare
492 1389 630 1450 Bronltlr.
648 1389 739 1464 Prop.
754 1388 803 1447 lV.
826 1388 852 1457 1,
868 1388 907 1446 24
932 1407 963 1465 p.
980 1390 1049 1449 316.
1095 1388 1187 1450 Gran.
1203 1390 1275 1450 Sen.

117 1496 180 1569 Ag.
207 1493 266 1552 bl'l
305 1510 336 1567 p.
361 1491 431 1552 511.
477 1490 553 1549 Ond.
577 1491 670 1567 Apul.
693 1490 765 1550 Met.
788 1489 857 1549 Vlll
894 1492 1019 1566 patr.
1054 1508 1193 1551 munus
1223 1493 1275 1552 li-

117 1603 214 1674 tare
237 1593 393 1654 Aldhelm.
415 1594 433 1652 l.
450 1591 478 1652 d.
520 1593 564 1654 cl.
588 1593 744 1654 Llllllllll.

207 1695 296 1755 Novo
320 1695 417 1772 igitur
444 1695 632 1756 documento
657 1695 848 1769 patefactum
878 1702 942 1764 est,
971 1712 1063 1769 quarn
1092 1697 1189 1758 multo
1213 1699 1295 1766 Ho·,

118 1799 223 1859 ratius
257 1804 288 1857 et
318 1796 481 1856 commode
512 1803 543 1856 et
573 1797 750 1857 insolenter
773 1797 939 1857 invenerit.
985 1799 1016 1857 ln
1042 1817 1134 1874 quarn
1157 1807 1277 1876 partem

119 1901 272 1962 subtilius
302 1897 475 1974 quaerendi
509 1899 614 1959 studia
636 1899 891 1960 doctissimorum
922 1901 1083 1962 hominnm
1108 1904 1277 1963 etiamnum

120 1991 259 2062 mirifice
290 2007 426 2062 cessant.
481 2001 589 2060 Veluti
619 2009 651 2061 ut
681 2018 772 2061 usum
801 2002 891 2062 vocis
921 2003 1050 2080 imago
1081 2011 1277 2088 praeteream

120 2104 281 2164 immerito
319 2121 337 2162 a
376 2103 484 2162 multis
514 2105 741 2180 reprehensum
771 2099 825 2184 (cf.
855 2103 992 2165 lleinelr.
1022 2104 1145 2166 Vindio.
1177 2107 1276 2167 Strab.

121 2225 151 2282 p.
180 2207 239 2265 115
271 2210 302 2263 et
331 2203 403 2264 Hor.
428 2225 457 2282 p.
480 2205 582 2288 Vlll),
613 2207 651 2266 ab
680 2207 752 2282 ipso
776 2205 1016 2282 Peerlkampio‚
1047 2209 1098 2268 cni
1127 2223 1277 2268 assensus

125 2313 177 2367 est
197 2306 396 2376 Meinekins,
419 2307 484 2367 vim
506 2307 597 2366 verbi
621 2314 850 2382 temperare
874 2309 983 2383 parurn
1008 2316 1095 2368 recte
1117 2310 1278 2370 delinitam

124 2425 200 2469 esse
232 2409 297 2468 his:
337 2415 565 2482 temperare
603 2409 762 2486 significat
798 2411 894 2470 alicui
932 2410 979 2470 rei
1011 2411 1172 2470 nimiam
1202 2413 1279 2471 virn

124 2512 344 2580 adimere“‚
374 2518 557 2586 argumento
588 2516 660 2570 sunt
688 2513 751 2572 loci
782 2518 813 2572 et
842 2511 965 2573 Horatii
988 2513 1085 2588 Epod.
1108 2513 1197 2572 XVll.
1222 2513 1277 2573 80:

123 2612 341 2687 Desiderique
365 2619 597 2688 temperare
620 2615 835 2687 poculum“
869 2621 900 2674 et
923 2613 1017 2674 Statii
1040 2615 1135 2675 Theb.
1150 2616 1186 2674 ll.
1205 2617 1278 2676 130:
1336 2691 1339 2700 <

125 2717 278 2789 laxatque
301 2730 401 2790 genas
425 2720 456 2773 et
479 2720 680 2789 temperat
703 2731 856 2791 ungnes
880 2711 1058 2796 (Glossogr.
1083 2732 1111 2790 p.
1138 2716 1213 2776 335:
1237 2732 1278 2776 ne

125 2818 192 2877 sint
216 2818 309 2877 nimis
333 2818 488 2886 hebetes,
512 2817 629 2876 acuit.“
652 2817 757 2877 Barth.
782 2817 830 2877 IX.
855 2818 914 2878 828
940 2835 969 2893 p.
997 2815 1092 2901 1096)
1116 2823 1149 2876 et
1170 2816 1278 2878 stitit,

126 2922 207 2981 213:
230 2922 321 2982 Felix
344 2939 406 2996 qna
429 2923 563 2998 pingues
586 2921 673 2980 mitis
698 2923 792 2999 plaga
815 2928 1017 2999 temperat
1041 2940 1144 2999 agros.
1191 2923 1278 3002 Virg.
1327 2971 1333 2986 .

127 3027 244 3101 Georg.
269 3025 289 3082 l.
317 3025 393 3085 llll:
424 3024 644 3099 scatebrisque
668 3025 790 3085 arentia
812 3032 1010 3101 temperat
1041 3043 1145 3086 arua.
1191 3029 1280 3086 Clau·

126 3129 211 3188 dian.
242 3128 331 3187 Proh.
361 3133 393 3186 et
422 3127 526 3203 Olybr.
557 3127 633 3187 260:
671 3128 823 3188 Oebaliae
859 3126 913 3203 qui
948 3135 1149 3203 temperat
1184 3145 1281 3189 arva

128 3230 296 3290 Galesns.“
329 3227 503 3305 Hegesipp.
527 3229 576 3287 lV.
601 3231 657 3289 at:
689 3231 776 3290 Nilus
800 3264 841 3274 -
865 3247 958 3290 arva
986 3237 1203 3305 temperat,
1228 3249 1280 3290 vo-

101 3338 191 3414 ¹turn
218 3332 369 3408 opimat.“
416 3329 477 3400 Qui
506 3337 610 3390 antem
641 3334 738 3392 hacc:
762 3350 821 3393 nea
843 3334 995 3393 Falernae
1025 3338 1200 3408 temperant
1224 3334 1281 3392 vi·

129 3442 194 3494 tes
224 3448 329 3508 neque
358 3432 515 3492 Formiani
553 3437 702 3509 pocula
731 3437 889 3496 colles“
926 3434 1127 3511 ineptissime
1165 3436 1284 3512 scripta

129 3552 204 3596 esse
236 3536 444 3604 contendunt,
478 3553 572 3610 quum
601 3556 662 3598 non
695 3540 943 3615 explicaverint,
979 3538 1011 3598 id
1041 3537 1125 3612 quod
1155 3539 1282 3598 omnino

129 3637 354 3714 explicandum
379 3638 452 3706 luit,
478 3655 538 3712 qna
562 3645 648 3700 tanta
670 3649 781 3717 captus
805 3642 964 3702 derrrentia
988 3640 1199 3700 scholasticus
1221 3642 1283 3700 iste

130 3747 243 3817 poeta,
269 3755 361 3814 quem
377 3740 448 3825 'sibi
472 3740 575 3799 animo
600 3741 803 3804 informarent
817 3744 940 3804 Horatii
964 3744 1190 3812 simulatorem,
1213 3743 1283 3802 For-

130 3844 268 3903 mianum
292 3843 405 3902 collem
426 3859 482 3917 pro
509 3842 673 3905 Formiano
698 3847 854 3906 Baccho
879 3845 1097 3921 usurpaverit,
1122 3844 1285 3904 addiscant

128 3944 191 4016 jam
214 3944 365 4014 Horatio,
397 3945 451 4019 qui
487 3945 595 4004 vites
626 3954 658 4006 et
684 3950 814 4008 colles
838 3947 1041 4015 memoravit,
1071 3945 1167 4022 longe
1191 3945 1283 4006 anda-

131 4049 237 4107 ciores
261 4047 362 4107 luisse
397 4063 470 4116 eos,
502 4047 557 4121 qni
581 4048 769 4110 lacernas
799 4052 985 4124 loquuntur,
1016 4061 1098 4121 quae
1127 4047 1285 4106 totiens

133 4139 264 4224 l'y'ron
293 4157 520 4226 epotavere
551 4146 654 4231 (Valg.
687 4169 715 4225 p.
741 4150 833 4232 lat),
870 4149 984 4223 pocula
1014 4149 1120 4224 Tago
1157 4148 1286 4224 perlusa

133 4251 186 4309 Sil.
198 4249 277 4309 xvl.
293 4253 364 4321 151,
390 4251 570 4328 Hispaniam
595 4253 678 4311 lnlvu
705 4253 855 4312 intextam
870 4285 909 4294 —
922 4258 1013 4310 veste
1037 4251 1059 4310 'l
1068 4267 1178 4328 agum
1194 4250 1281 4309 Clau-
