3026 4988
682 364 724 436 tl

119 557 140 600 e
163 540 329 604 somnis.
353 541 481 604 Mediol.
506 537 734 623 insomnis),
757 537 821 600 uisi
845 536 973 602 facilius
997 540 1057 600 hoc
1079 536 1174 600 ducis.
1193 553 1276 600 com·

379 661 393 695 θ

119 713 289 790 pendium:
313 714 445 784 sonis,
468 712 629 781 aconis,
653 708 880 771 exsomnis:

633 812 714 873 Non
737 825 853 872 secus
876 810 917 872 in
939 809 1051 889 jugis

466 913 585 980 bracla
607 919 746 992 stupet
766 911 901 974 Euius.

119 1037 293 1098 Auctorem
324 1036 364 1097 do
397 1035 584 1098 Nicandrum
612 1036 704 1096 Ther.
730 1033 810 1095 461:
837 1027 951 1114 Ἕβρος
976 1029 1030 1096 ἵνα
1059 1025 1223 1094 vaotoi
1244 1021 1276 1092 τ’

120 1133 198 1220 ὄρη
227 1133 397 1222 paduensa
426 1134 585 1223 φάληρα
608 1138 674 1206 Καὶ
696 1132 787 1218 δρύες
809 1131 987 1218 Oloypfrlno
1023 1135 1060 1196 cf.
1083 1133 1201 1196 Hemst.
1225 1149 1275 1208 ap.

119 1241 233 1302 Valch.
263 1242 394 1302 Theocr.
424 1241 488 1301 Vll.
520 1241 577 1302 111
618 1242 736 1318 pll'l.
783 1239 881 1300 Theb.
911 1230 1018 1298 Parad.
1048 1237 1162 1298 Coroll.
1192 1235 1275 1296 xxll

119 1359 151 1418 p.
178 1342 248 1404 442.
301 1345 419 1406 levius
457 1345 538 1405 hauc
573 1358 701 1415 causam
737 1341 909 1419 attigerunt
935 1338 1207 1400 woruswonnius
1243 1343 1276 1398 et

118 1443 297 1506 Fritschius
320 1447 451 1506 Theocr.
474 1446 494 1504 l.
510 1445 538 1505 d.
568 1462 596 1522 p.
611 1445 690 1514 238,
721 1460 850 1520 qrrorum
883 1443 940 1503 ille
966 1456 1091 1513 „versu
1113 1438 1275 1502 Theocriti

120 1545 264 1619 Benlleji
293 1545 505 1618 conjecturam
542 1547 670 1624 probari
679 1555 699 1581 ‘⁴
734 1546 780 1608 ait
808 1541 857 1627 (uf
886 1542 1066 1604 Meinekius
1099 1561 1130 1620 p.
1152 1537 1275 1624 llVlll),

120 1650 176 1711 hic
216 1649 279 1720 „ei
322 1649 490 1710 mutationi
528 1647 673 1723 proxima
715 1651 824 1712 verba:
866 1652 898 1706 ef
936 1647 1044 1723 nive¹
1068 1643 1275 1707 candidam

120 1753 301 1832 Thracen
325 1750 476 1830 refragari
486 1759 505 1786 ‘⁸
528 1750 670 1812 aflinnat

625 1968 769 2072 llhllll.

205 2146 316 2208 Redeo
339 2145 379 2206 nd
401 2123 526 2206 carmen
549 2143 599 2203 lV.
625 2145 672 2204 ll.
725 2143 758 2205 ln
789 2161 852 2220 quo
876 2159 958 2220 quae
980 2161 1011 2202 v.
1033 2142 1172 2203 25-32
1203 2141 1274 2202 sub-

119 2250 228 2323 juncta
251 2254 300 2309 est
324 2247 417 2308 alteri
440 2266 469 2306 v.
485 2248 524 2310 fa
540 2264 607 2323 sqq.
632 2246 840 2324 conrparatio:

294 2367 360 2428 Sic
381 2367 636 2429 tauriformis
659 2367 848 2428 volvitur
870 2352 1062 2436 Aufidus,

200 2452 207 2469 ²
296 2469 370 2543 Qui
393 2471 665 2552 reguaDauni
691 2470 892 2548 praefluit
914 2467 1082 2545 Appuli,

336 2573 423 2633 Cum
446 2574 580 2634 saevit
603 2573 925 2650 horrendamque
948 2571 1074 2632 cultis

380 2675 588 2737 Diluviem
610 2675 830 2737 meditatur
851 2675 983 2752 agris,

292 2777 340 2838 Ut
362 2780 623 2840 barbarorum
646 2778 840 2840 Claudius
863 2776 1022 2856 agmina

291 2881 460 2942 Ferrato
482 2887 599 2942 vasto
623 2880 753 2943 diruit
775 2881 929 2959 impetu

337 2983 573 3060 Primosque
596 2991 634 3046 et
657 2991 860 3046 extremos
882 2983 1070 3045 metendo

250 3121 279 3138 »s
379 3083 538 3147 Stravit
561 3087 715 3148 humum
739 3087 831 3148 sine
852 3086 969 3148 clade
993 3086 1145 3154 victor,

122 3222 182 3265 uon
208 3203 371 3264 mediocre
393 3212 583 3267 momentum
607 3207 744 3276 accessit
775 3206 807 3267 ei
829 3205 1056 3282 disputationi,
1086 3221 1149 3282 qua
1178 3199 1273 3265 [eiu-¹

122 3306 189 3367 sius
219 3307 311 3380 ipsos
341 3321 399 3368 eos
430 3323 560 3379 versus,
594 3309 634 3370 de
664 3310 778 3386 quihus
806 3309 901 3371 modo
930 3307 1040 3393 (xiv)
1069 3301 1275 3378 absolvimus,

122 3408 284 3470 unsarans
309 3425 381 3470 esse
405 3409 554 3472 effecisse
578 3411 642 3472 sun
664 3412 753 3473 visus
779 3395 835 3472 esi.
870 3413 1015 3472 ceterum
1040 3411 1274 3489 naualique,

122 3511 177 3587 qui
200 3511 339 3572 eundem
360 3512 473 3574 ducem
496 3513 528 3574 in
551 3513 681 3576 duarum
704 3513 858 3592 deinceps
881 3529 984 3575 rerum
997 3501 1046 3596 (v.
1060 3514 1110 3578 21.
1123 3511 1179 3598 lt)
1192 3534 1273 3577 com-

121 3611 322 3690 parationem
358 3621 502 3676 evectum
538 3623 687 3694 gravatus
725 3619 774 3677 est
807 3634 838 3694 p.
862 3614 1028 3687 Clllllllll,
1064 3615 1145 3677 vidit
1178 3617 1275 3680 etiam

120 3715 362 3792 Peerlkampius
391 3733 420 3792 p.
445 3719 523 3789 432,
558 3719 613 3795 qui
636 3720 726 3790 „hoc
754 3736 817 3782 non
841 3705 987 3798 probavit
1008 3719 1104 3781 Ilmsi
1125 3719 1179 3783 vix
1203 3720 1274 3782 fieri

121 3817 335 3889 mentionem,
357 3818 388 3880 in
412 3820 540 3884 Tiberio
563 3827 610 3882 lot
632 3837 745 3883 versus
769 3822 941 3898 impendi.“
985 3821 1049 3884 Sed
1070 3827 1205 3900 utraque
1223 3839 1274 3884 res

120 3919 295 3996 prudenter
317 3921 538 3985 animadversa
559 3930 678 3985 tantum
701 3909 803 3987 abest
819 3931 854 3985 ut
875 3924 915 3986 ad
936 3923 1184 3986 deminutionem
1207 3929 1273 3986 tan·

121 4028 184 4084 tam
208 4022 249 4083 de
271 4021 396 4086 Horatii
418 4025 557 4088 carmine
580 4025 758 4089 faciendam
780 4017 909 4090 omuino
932 4028 1054 4098 valeat,
1083 4033 1117 4088 uf
1139 4026 1179 4090 ad
1200 4027 1272 4088 viti-

122 4143 229 4196 omm,
254 4140 336 4202 quae
356 4125 419 4198 jam
442 4129 570 4204 penitus
594 4128 754 4191 insedisse
777 4121 962 4200 videantur,
993 4127 1273 4207 investigationem

122 4232 209 4288 certo
233 4226 359 4305 dirigat.
404 4229 458 4292 Sic
480 4236 585 4292 autem
601 4232 740 4293 habeto:
762 4231 929 4307 Postquam
950 4246 1007 4309 per
1027 4230 1153 4308 singula
1168 4231 1272 4294 eundo

120 4334 219 4405 poeto
241 4330 439 4408 praedicavit
460 4333 595 4396 Drusum
625 4331 759 4395 militiae
789 4332 1020 4396 rudimenta
1051 4331 1272 4417 iustiormauis
