<?xml version="1.0" encoding="UTF-8"?>
<!DOCTYPE html PUBLIC "-//W3C//DTD XHTML 1.0 Transitional//EN"
    "http://www.w3.org/TR/xhtml1/DTD/xhtml1-transitional.dtd">
<html xmlns="http://www.w3.org/1999/xhtml" xml:lang="en" lang="en">
 <head>
  <title>
</title>
<meta http-equiv="Content-Type" content="text/html;charset=utf-8" />
  <meta name='ocr-system' content='tesseract 3.04.00' />
  <meta name='ocr-capabilities' content='ocr_page ocr_carea ocr_par ocr_line ocrx_word'/>
</head>
<body>
  <div class='ocr_page' id='page_1' title='image "./emendationeshor01ungegoog_0077.png"; bbox 0 0 3026 4988; ppageno 0'>
   <div class='ocr_carea' id='block_1_1' title="bbox 799 353 845 422">
    <p class='ocr_par' dir='ltr' id='par_1_1' title="bbox 799 353 845 422">
     <span class='ocr_line' id='line_1_1' title="bbox 799 353 845 422; baseline 0 0"><span class='ocrx_word' id='word_1_1' title='bbox 799 353 845 422; x_wconf 78' lang='grc'>68</span> 
     </span>
    </p>
   </div>
   <div class='ocr_carea' id='block_1_2' title="bbox 244 523 1395 807">
    <p class='ocr_par' dir='ltr' id='par_1_2' title="bbox 244 523 1395 807">
     <span class='ocr_line' id='line_1_2' title="bbox 245 523 1393 618; baseline 0.002 -32"><span class='ocrx_word' id='word_1_2' title='bbox 245 525 312 597; x_wconf 84' lang='lat' dir='ltr'>Quo</span> <span class='ocrx_word' id='word_1_3' title='bbox 335 524 487 602; x_wconf 91' lang='lat' dir='ltr'>loquendi</span> <span class='ocrx_word' id='word_1_4' title='bbox 511 541 628 603; x_wconf 79' lang='lat' dir='ltr'>genere</span> <span class='ocrx_word' id='word_1_5' title='bbox 651 526 787 586; x_wconf 85' lang='lat' dir='ltr'>maxime</span> <span class='ocrx_word' id='word_1_6' title='bbox 807 523 926 618; x_wconf 85' lang='lat' dir='ltr'>Statius</span> <span class='ocrx_word' id='word_1_7' title='bbox 949 541 1025 584; x_wconf 92' lang='lat' dir='ltr'>usus</span> <span class='ocrx_word' id='word_1_8' title='bbox 1051 530 1098 584; x_wconf 94' lang='lat' dir='ltr'>est</span> <span class='ocrx_word' id='word_1_9' title='bbox 1114 525 1219 586; x_wconf 88' lang='lat' dir='ltr'>Barth.</span> <span class='ocrx_word' id='word_1_10' title='bbox 1235 527 1393 588; x_wconf 76' lang='lat' dir='ltr'>claudian.</span> 
     </span>
     <span class='ocr_line' id='line_1_3' title="bbox 244 625 1395 704; baseline -0.002 -17"><span class='ocrx_word' id='word_1_11' title='bbox 244 627 326 688; x_wconf 82' lang='lat' dir='ltr'>Mali.</span> <span class='ocrx_word' id='word_1_12' title='bbox 349 628 467 689; x_wconf 84' lang='lat' dir='ltr'>Theod.</span> <span class='ocrx_word' id='word_1_13' title='bbox 492 629 507 687; x_wconf 81' lang='lat' dir='ltr'>t</span> <span class='ocrx_word' id='word_1_14' title='bbox 533 646 563 704; x_wconf 94' lang='lat' dir='ltr'>p.</span> <span class='ocrx_word' id='word_1_15' title='bbox 578 629 617 689; x_wconf 79' lang='grc'>69</span> <span class='ocrx_word' id='word_1_16' title='bbox 642 633 673 688; x_wconf 90' lang='lat' dir='ltr'>et</span> <span class='ocrx_word' id='word_1_17' title='bbox 696 626 771 688; x_wconf 89' lang='lat' dir='ltr'>Stat.</span> <span class='ocrx_word' id='word_1_18' title='bbox 796 628 890 688; x_wconf 86' lang='lat' dir='ltr'>Theb.</span> <span class='ocrx_word' id='word_1_19' title='bbox 915 626 963 685; x_wconf 88' lang='lat' dir='ltr'>lll.</span> <span class='ocrx_word' id='word_1_20' title='bbox 986 625 1046 686; x_wconf 82' lang='grc'>610</span> <span class='ocrx_word' id='word_1_21' title='bbox 1070 642 1099 700; x_wconf 90' lang='lat' dir='ltr'>p.</span> <span class='ocrx_word' id='word_1_22' title='bbox 1119 625 1200 688; x_wconf 83' lang='lat'>1038</span> <span class='ocrx_word' id='word_1_23' title='bbox 1218 645 1264 703; x_wconf 92' lang='lat' dir='ltr'>sq.</span> <span class='ocrx_word' id='word_1_24' title='bbox 1296 630 1395 688; x_wconf 89' lang='lat' dir='ltr'>Burm.</span> 
     </span>
     <span class='ocr_line' id='line_1_4' title="bbox 245 725 1395 807; baseline 0 -17"><span class='ocrx_word' id='word_1_25' title='bbox 245 731 374 801; x_wconf 80' lang='lat' dir='ltr'>Quintil.</span> <span class='ocrx_word' id='word_1_26' title='bbox 397 731 484 791; x_wconf 87' lang='lat' dir='ltr'>Dect.</span> <span class='ocrx_word' id='word_1_27' title='bbox 510 729 571 789; x_wconf 88' lang='lat' dir='ltr'>llll.</span> <span class='ocrx_word' id='word_1_28' title='bbox 599 733 637 794; x_wconf 84' lang='lat' dir='ltr'>ra</span> <span class='ocrx_word' id='word_1_29' title='bbox 667 749 696 807; x_wconf 95' lang='lat' dir='ltr'>p.</span> <span class='ocrx_word' id='word_1_30' title='bbox 713 732 783 796; x_wconf 81' lang='lat' dir='ltr'>act.</span> <span class='ocrx_word' id='word_1_31' title='bbox 815 725 910 804; x_wconf 82' lang='lat' dir='ltr'>Drak.</span> <span class='ocrx_word' id='word_1_32' title='bbox 933 727 999 788; x_wconf 89' lang='lat' dir='ltr'>Liv.</span> <span class='ocrx_word' id='word_1_33' title='bbox 1024 727 1114 787; x_wconf 84' lang='lat' dir='ltr'>Xllll.</span> <span class='ocrx_word' id='word_1_34' title='bbox 1140 729 1189 798; x_wconf 79' lang='lat'>⁴5,</span> <span class='ocrx_word' id='word_1_35' title='bbox 1215 733 1232 788; x_wconf 81' lang='lat'>5</span> <span class='ocrx_word' id='word_1_36' title='bbox 1272 749 1303 806; x_wconf 88' lang='lat' dir='ltr'>p.</span> <span class='ocrx_word' id='word_1_37' title='bbox 1328 730 1395 790; x_wconf 85' lang='lat' dir='ltr'>act.</span> 
     </span>
    </p>
   </div>
   <div class='ocr_carea' id='block_1_3' title="bbox 246 829 1155 904">
    <p class='ocr_par' dir='ltr' id='par_1_3' title="bbox 246 829 1155 904">
     <span class='ocr_line' id='line_1_5' title="bbox 246 829 1155 904; baseline -0.003 -10"><span class='ocrx_word' id='word_1_38' title='bbox 246 835 289 894; x_wconf 81' lang='lat' dir='ltr'>Cf.</span> <span class='ocrx_word' id='word_1_39' title='bbox 312 833 385 894; x_wconf 88' lang='lat' dir='ltr'>llor.</span> <span class='ocrx_word' id='word_1_40' title='bbox 410 833 506 893; x_wconf 87' lang='lat' dir='ltr'>Cann.</span> <span class='ocrx_word' id='word_1_41' title='bbox 532 831 566 892; x_wconf 94' lang='lat' dir='ltr'>ll.</span> <span class='ocrx_word' id='word_1_42' title='bbox 592 836 621 904; x_wconf 82' lang='lat'>3,</span> <span class='ocrx_word' id='word_1_43' title='bbox 645 833 701 896; x_wconf 84' lang='lat' dir='ltr'>at:</span> <span class='ocrx_word' id='word_1_44' title='bbox 732 833 789 893; x_wconf 91' lang='lat' dir='ltr'>nil</span> <span class='ocrx_word' id='word_1_45' title='bbox 811 829 1051 892; x_wconf 89' lang='lat' dir='ltr'>miserantis</span> <span class='ocrx_word' id='word_1_46' title='bbox 1075 831 1155 892; x_wconf 89' lang='lat' dir='ltr'>Orci.</span> 
     </span>
    </p>
   </div>
   <div class='ocr_carea' id='block_1_4' title="bbox 720 1063 923 1163">
    <p class='ocr_par' dir='ltr' id='par_1_4' title="bbox 720 1063 923 1163">
     <span class='ocr_line' id='line_1_6' title="bbox 720 1063 923 1163; baseline -0.02 0"><span class='ocrx_word' id='word_1_47' title='bbox 720 1063 923 1163; x_wconf 80' lang='lat' dir='ltr'>xxxtllll.</span> 
     </span>
    </p>
   </div>
   <div class='ocr_carea' id='block_1_5' title="bbox 246 1236 1434 3767">
    <p class='ocr_par' dir='ltr' id='par_1_5' title="bbox 246 1236 1434 3767">
     <span class='ocr_line' id='line_1_7' title="bbox 332 1236 1193 1323; baseline -0.005 -19"><span class='ocrx_word' id='word_1_48' title='bbox 332 1243 412 1304; x_wconf 82' lang='lat' dir='ltr'>ilinc</span> <span class='ocrx_word' id='word_1_49' title='bbox 434 1243 474 1304; x_wconf 91' lang='lat' dir='ltr'>ad</span> <span class='ocrx_word' id='word_1_50' title='bbox 498 1242 555 1302; x_wconf 92' lang='lat' dir='ltr'>illa</span> <span class='ocrx_word' id='word_1_51' title='bbox 578 1257 679 1320; x_wconf 80' lang='lat' dir='ltr'>pergo</span> <span class='ocrx_word' id='word_1_52' title='bbox 701 1240 909 1316; x_wconf 89' lang='lat' dir='ltr'>disceptanda</span> <span class='ocrx_word' id='word_1_53' title='bbox 933 1241 1029 1302; x_wconf 90' lang='lat' dir='ltr'>verba</span> <span class='ocrx_word' id='word_1_54' title='bbox 1054 1236 1097 1323; x_wconf 88' lang='lat' dir='ltr'>(u.</span> <span class='ocrx_word' id='word_1_55' title='bbox 1124 1241 1193 1321; x_wconf 79' lang='grc'><strong>31);</strong></span> 
     </span>
     <span class='ocr_line' id='line_1_8' title="bbox 540 1341 1269 1407; baseline -0.001 0"><span class='ocrx_word' id='word_1_56' title='bbox 540 1343 589 1407; x_wconf 82' lang='lat' dir='ltr'>lle</span> <span class='ocrx_word' id='word_1_57' title='bbox 610 1343 685 1406; x_wconf 75' lang='lat' dir='ltr'>uude</span> <span class='ocrx_word' id='word_1_58' title='bbox 707 1344 833 1403; x_wconf 90' lang='lat' dir='ltr'>vitam</span> <span class='ocrx_word' id='word_1_59' title='bbox 857 1349 1033 1402; x_wconf 78' lang='lat' dir='ltr'>sumeret</span> <span class='ocrx_word' id='word_1_60' title='bbox 1056 1341 1163 1406; x_wconf 72' lang='lat' dir='ltr'>luscius</span> <span class='ocrx_word' id='word_1_61' title='bbox 1261 1374 1269 1382; x_wconf 88' lang='lat'><em>·</em></span> 
     </span>
     <span class='ocr_line' id='line_1_9' title="bbox 542 1445 1053 1516; baseline -0.004 -10"><span class='ocrx_word' id='word_1_62' title='bbox 542 1445 682 1506; x_wconf 81' lang='lat' dir='ltr'>Pacem</span> <span class='ocrx_word' id='word_1_63' title='bbox 703 1445 842 1505; x_wconf 91' lang='lat' dir='ltr'>duello</span> <span class='ocrx_word' id='word_1_64' title='bbox 866 1445 1053 1516; x_wconf 92' lang='lat' dir='ltr'>miscuit,</span> 
     </span>
     <span class='ocr_line' id='line_1_10' title="bbox 247 1542 1399 1626; baseline -0.003 -15"><span class='ocrx_word' id='word_1_65' title='bbox 247 1565 329 1626; x_wconf 90' lang='lat' dir='ltr'>quae</span> <span class='ocrx_word' id='word_1_66' title='bbox 351 1554 405 1608; x_wconf 91' lang='lat' dir='ltr'>aut</span> <span class='ocrx_word' id='word_1_67' title='bbox 430 1548 477 1608; x_wconf 93' lang='lat' dir='ltr'>sic</span> <span class='ocrx_word' id='word_1_68' title='bbox 503 1548 612 1607; x_wconf 92' lang='lat' dir='ltr'>autin</span> <span class='ocrx_word' id='word_1_69' title='bbox 637 1547 707 1608; x_wconf 87' lang='lat' dir='ltr'>eum</span> <span class='ocrx_word' id='word_1_70' title='bbox 730 1547 871 1617; x_wconf 90' lang='lat' dir='ltr'>modum,</span> <span class='ocrx_word' id='word_1_71' title='bbox 903 1563 997 1623; x_wconf 90' lang='lat' dir='ltr'>quem</span> <span class='ocrx_word' id='word_1_72' title='bbox 1027 1547 1178 1608; x_wconf 91' lang='lat' dir='ltr'>librorum</span> <span class='ocrx_word' id='word_1_73' title='bbox 1201 1548 1283 1608; x_wconf 83' lang='lat' dir='ltr'>tides</span> <span class='ocrx_word' id='word_1_74' title='bbox 1298 1542 1399 1608; x_wconf 77' lang='lat' dir='ltr'>&#39;Bent</span> 
     </span>
     <span class='ocr_line' id='line_1_11' title="bbox 246 1649 1400 1727; baseline -0.001 -16"><span class='ocrx_word' id='word_1_75' title='bbox 246 1653 309 1724; x_wconf 86' lang='lat' dir='ltr'>lejo</span> <span class='ocrx_word' id='word_1_76' title='bbox 324 1656 466 1727; x_wconf 89' lang='lat' dir='ltr'>spectata</span> <span class='ocrx_word' id='word_1_77' title='bbox 478 1651 634 1724; x_wconf 90' lang='lat' dir='ltr'>potiorem</span> <span class='ocrx_word' id='word_1_78' title='bbox 648 1654 804 1726; x_wconf 91' lang='lat' dir='ltr'>praestat:</span> <span class='ocrx_word' id='word_1_79' title='bbox 828 1655 966 1710; x_wconf 78' lang='lat' dir='ltr'>sumeret</span> <span class='ocrx_word' id='word_1_80' title='bbox 981 1650 1117 1726; x_wconf 89' lang='lat' dir='ltr'>aptius</span> <span class='ocrx_word' id='word_1_81' title='bbox 1129 1659 1159 1720; x_wconf 85' lang='lat'>“,</span> <span class='ocrx_word' id='word_1_82' title='bbox 1172 1649 1291 1726; x_wconf 91' lang='lat' dir='ltr'>scripta</span> <span class='ocrx_word' id='word_1_83' title='bbox 1306 1667 1400 1725; x_wconf 93' lang='lat' dir='ltr'>quum</span> 
     </span>
     <span class='ocr_line' id='line_1_12' title="bbox 247 1749 1400 1828; baseline -0.003 -15"><span class='ocrx_word' id='word_1_84' title='bbox 247 1770 339 1814; x_wconf 89' lang='lat' dir='ltr'>nemo</span> <span class='ocrx_word' id='word_1_85' title='bbox 369 1752 603 1822; x_wconf 74' lang='lat' dir='ltr'>intellexisset,</span> <span class='ocrx_word' id='word_1_86' title='bbox 640 1750 774 1819; x_wconf 89' lang='lat' dir='ltr'>accidit,</span> <span class='ocrx_word' id='word_1_87' title='bbox 807 1756 840 1810; x_wconf 94' lang='lat' dir='ltr'>ut</span> <span class='ocrx_word' id='word_1_88' title='bbox 870 1749 993 1810; x_wconf 86' lang='lat' dir='ltr'>infinita</span> <span class='ocrx_word' id='word_1_89' title='bbox 1024 1766 1134 1812; x_wconf 91' lang='lat' dir='ltr'>versus</span> <span class='ocrx_word' id='word_1_90' title='bbox 1166 1753 1258 1828; x_wconf 84' lang='lat' dir='ltr'>quasi</span> <span class='ocrx_word' id='word_1_91' title='bbox 1288 1751 1400 1812; x_wconf 89' lang='lat' dir='ltr'>illuvie</span> 
     </span>
     <span class='ocr_line' id='line_1_13' title="bbox 248 1851 1401 1933; baseline -0.003 -17"><span class='ocrx_word' id='word_1_92' title='bbox 248 1855 433 1932; x_wconf 88' lang='lat' dir='ltr'>opinionum</span> <span class='ocrx_word' id='word_1_93' title='bbox 469 1860 501 1914; x_wconf 91' lang='lat' dir='ltr'>et</span> <span class='ocrx_word' id='word_1_94' title='bbox 535 1851 783 1925; x_wconf 87' lang='lat' dir='ltr'>conjecturanrm</span> <span class='ocrx_word' id='word_1_95' title='bbox 820 1854 1099 1933; x_wconf 81' lang='lat' dir='ltr'>commacularetur</span> <span class='ocrx_word' id='word_1_96' title='bbox 1138 1855 1265 1930; x_wconf 86' lang='lat' dir='ltr'>potius,</span> <span class='ocrx_word' id='word_1_97' title='bbox 1309 1871 1401 1929; x_wconf 92' lang='lat' dir='ltr'>quam</span> 
     </span>
     <span class='ocr_line' id='line_1_14' title="bbox 248 1953 1400 2032; baseline -0.003 -14"><span class='ocrx_word' id='word_1_98' title='bbox 248 1957 476 2018; x_wconf 88' lang='lat' dir='ltr'>emacularetur</span> <span class='ocrx_word' id='word_1_99' title='bbox 498 1973 517 2016; x_wconf 93' lang='lat' dir='ltr'>a</span> <span class='ocrx_word' id='word_1_100' title='bbox 543 1972 709 2032; x_wconf 90' lang='lat' dir='ltr'>quoquam.</span> <span class='ocrx_word' id='word_1_101' title='bbox 746 1953 839 2026; x_wconf 82' lang='lat' dir='ltr'>Nam,</span> <span class='ocrx_word' id='word_1_102' title='bbox 862 1969 903 2013; x_wconf 90' lang='lat' dir='ltr'>ne</span> <span class='ocrx_word' id='word_1_103' title='bbox 927 1955 1033 2014; x_wconf 92' lang='lat' dir='ltr'>omnia</span> <span class='ocrx_word' id='word_1_104' title='bbox 1055 1970 1237 2016; x_wconf 89' lang='lat' dir='ltr'>recenseam</span> <span class='ocrx_word' id='word_1_105' title='bbox 1262 1957 1400 2024; x_wconf 89' lang='lat' dir='ltr'>uomina,</span> 
     </span>
     <span class='ocr_line' id='line_1_15' title="bbox 249 2057 1400 2135; baseline -0.002 -15"><span class='ocrx_word' id='word_1_106' title='bbox 249 2059 362 2120; x_wconf 74' lang='lat' dir='ltr'>Axtins</span> <span class='ocrx_word' id='word_1_107' title='bbox 385 2058 531 2135; x_wconf 89' lang='lat' dir='ltr'>Spurinu.</span> <span class='ocrx_word' id='word_1_108' title='bbox 557 2075 586 2133; x_wconf 89' lang='lat' dir='ltr'>p.</span> <span class='ocrx_word' id='word_1_109' title='bbox 604 2057 643 2117; x_wconf 85' lang='lat' dir='ltr'>at</span> <span class='ocrx_word' id='word_1_110' title='bbox 669 2072 750 2132; x_wconf 93' lang='lat' dir='ltr'>quae</span> <span class='ocrx_word' id='word_1_111' title='bbox 771 2057 918 2132; x_wconf 80' lang='lat' dir='ltr'>leguntur</span> <span class='ocrx_word' id='word_1_112' title='bbox 946 2074 976 2122; x_wconf 87' lang='lat' dir='ltr'>v,</span> <span class='ocrx_word' id='word_1_113' title='bbox 1002 2059 1139 2118; x_wconf 78' lang='lat' dir='ltr'>at-lu</span> <span class='ocrx_word' id='word_1_114' title='bbox 1169 2058 1294 2118; x_wconf 90' lang='lat' dir='ltr'>censuit</span> <span class='ocrx_word' id='word_1_115' title='bbox 1326 2058 1400 2118; x_wconf 92' lang='lat' dir='ltr'>insi-</span> 
     </span>
     <span class='ocr_line' id='line_1_16' title="bbox 247 2156 1402 2238; baseline -0.003 -17"><span class='ocrx_word' id='word_1_116' title='bbox 247 2161 331 2230; x_wconf 87' lang='lat' dir='ltr'>tiva,</span> <span class='ocrx_word' id='word_1_117' title='bbox 354 2160 570 2220; x_wconf 91' lang='lat' dir='ltr'>Lachmannus</span> <span class='ocrx_word' id='word_1_118' title='bbox 590 2159 652 2219; x_wconf 91' lang='lat' dir='ltr'>hoc</span> <span class='ocrx_word' id='word_1_119' title='bbox 668 2157 821 2238; x_wconf 62' lang='lat' dir='ltr'>protulit:v</span> <span class='ocrx_word' id='word_1_120' title='bbox 837 2157 921 2218; x_wconf 92' lang='lat' dir='ltr'>unde</span> <span class='ocrx_word' id='word_1_121' title='bbox 935 2156 1032 2217; x_wconf 89' lang='lat' dir='ltr'>vitam</span> <span class='ocrx_word' id='word_1_122' title='bbox 1046 2166 1194 2229; x_wconf 88' lang='lat' dir='ltr'>sumeret,</span> <span class='ocrx_word' id='word_1_123' title='bbox 1217 2159 1402 2229; x_wconf 89' lang='lat' dir='ltr'>anxius“,</span> 
     </span>
     <span class='ocr_line' id='line_1_17' title="bbox 249 2255 1400 2338; baseline -0.003 -15"><span class='ocrx_word' id='word_1_124' title='bbox 249 2262 333 2338; x_wconf 92' lang='lat' dir='ltr'>qnod</span> <span class='ocrx_word' id='word_1_125' title='bbox 356 2260 536 2337; x_wconf 85' lang='lat' dir='ltr'>languidius</span> <span class='ocrx_word' id='word_1_126' title='bbox 560 2260 675 2320; x_wconf 90' lang='lat' dir='ltr'>dictnrn</span> <span class='ocrx_word' id='word_1_127' title='bbox 694 2255 804 2319; x_wconf 82' lang='lat' dir='ltr'>&#39;tamen</span> <span class='ocrx_word' id='word_1_128' title='bbox 827 2275 886 2319; x_wconf 91' lang='lat' dir='ltr'>nec</span> <span class='ocrx_word' id='word_1_129' title='bbox 900 2258 1039 2336; x_wconf 89' lang='lat' dir='ltr'>llauptio</span> <span class='ocrx_word' id='word_1_130' title='bbox 1063 2259 1228 2337; x_wconf 85' lang='lat' dir='ltr'>displicuit</span> <span class='ocrx_word' id='word_1_131' title='bbox 1252 2266 1284 2319; x_wconf 91' lang='lat' dir='ltr'>et</span> <span class='ocrx_word' id='word_1_132' title='bbox 1304 2263 1400 2321; x_wconf 90' lang='lat' dir='ltr'>vehe-</span> 
     </span>
     <span class='ocr_line' id='line_1_18' title="bbox 249 2361 1399 2438; baseline -0.003 -13"><span class='ocrx_word' id='word_1_133' title='bbox 249 2364 476 2425; x_wconf 90' lang='lat' dir='ltr'>mentissimam</span> <span class='ocrx_word' id='word_1_134' title='bbox 490 2363 617 2423; x_wconf 89' lang='lat' dir='ltr'>Lehrsii</span> <span class='ocrx_word' id='word_1_135' title='bbox 643 2380 674 2438; x_wconf 94' lang='lat' dir='ltr'>p.</span> <span class='ocrx_word' id='word_1_136' title='bbox 688 2361 781 2421; x_wconf 87' lang='lat' dir='ltr'>CVlll</span> <span class='ocrx_word' id='word_1_137' title='bbox 804 2361 904 2424; x_wconf 91' lang='lat' dir='ltr'>movit</span> <span class='ocrx_word' id='word_1_138' title='bbox 919 2362 1199 2438; x_wconf 86' lang='lat' dir='ltr'>approbationem,</span> <span class='ocrx_word' id='word_1_139' title='bbox 1223 2361 1399 2438; x_wconf 81' lang='lat' dir='ltr'>Seyffertus</span> 
     </span>
     <span class='ocr_line' id='line_1_19' title="bbox 248 2463 1400 2546; baseline -0.004 -17"><span class='ocrx_word' id='word_1_140' title='bbox 248 2486 298 2546; x_wconf 91' lang='lat' dir='ltr'>ap.</span> <span class='ocrx_word' id='word_1_141' title='bbox 323 2466 479 2528; x_wconf 82' lang='lat' dir='ltr'>Muetzell.</span> <span class='ocrx_word' id='word_1_142' title='bbox 502 2467 582 2525; x_wconf 83' lang='lat' dir='ltr'>Actt.</span> <span class='ocrx_word' id='word_1_143' title='bbox 613 2463 652 2524; x_wconf 95' lang='lat' dir='ltr'>ad</span> <span class='ocrx_word' id='word_1_144' title='bbox 676 2481 816 2540; x_wconf 83' lang='lat' dir='ltr'>gymnas.</span> <span class='ocrx_word' id='word_1_145' title='bbox 845 2464 958 2540; x_wconf 91' lang='lat' dir='ltr'>pertin.</span> <span class='ocrx_word' id='word_1_146' title='bbox 986 2465 1065 2525; x_wconf 80' lang='lat' dir='ltr'>tato</span> <span class='ocrx_word' id='word_1_147' title='bbox 1095 2484 1125 2542; x_wconf 94' lang='lat' dir='ltr'>p.</span> <span class='ocrx_word' id='word_1_148' title='bbox 1141 2466 1201 2526; x_wconf 83' lang='lat'>582</span> <span class='ocrx_word' id='word_1_149' title='bbox 1231 2467 1330 2526; x_wconf 88' lang='lat' dir='ltr'>verba</span> <span class='ocrx_word' id='word_1_150' title='bbox 1352 2467 1400 2526; x_wconf 91' lang='lat' dir='ltr'>sic</span> 
     </span>
     <span class='ocr_line' id='line_1_20' title="bbox 249 2566 1401 2643; baseline -0.005 -12"><span class='ocrx_word' id='word_1_151' title='bbox 249 2571 406 2631; x_wconf 88' lang='lat' dir='ltr'>ordinata:</span> <span class='ocrx_word' id='word_1_152' title='bbox 445 2568 612 2643; x_wconf 85' lang='lat' dir='ltr'>timuitque</span> <span class='ocrx_word' id='word_1_153' title='bbox 651 2572 782 2625; x_wconf 91' lang='lat' dir='ltr'>mortem</span> <span class='ocrx_word' id='word_1_154' title='bbox 812 2566 925 2637; x_wconf 85' lang='lat' dir='ltr'>ilinc,</span> <span class='ocrx_word' id='word_1_155' title='bbox 961 2567 1044 2627; x_wconf 90' lang='lat' dir='ltr'>unde</span> <span class='ocrx_word' id='word_1_156' title='bbox 1081 2568 1178 2628; x_wconf 88' lang='lat' dir='ltr'>vitam</span> <span class='ocrx_word' id='word_1_157' title='bbox 1214 2573 1401 2627; x_wconf 91' lang='lat' dir='ltr'>sumeret.</span> 
     </span>
     <span class='ocr_line' id='line_1_21' title="bbox 248 2668 1400 2750; baseline -0.003 -17"><span class='ocrx_word' id='word_1_158' title='bbox 248 2673 394 2750; x_wconf 81' lang='lat' dir='ltr'>Aptius</span> <span class='ocrx_word' id='word_1_159' title='bbox 416 2670 528 2731; x_wconf 85' lang='lat' dir='ltr'>Pacem</span> <span class='ocrx_word' id='word_1_160' title='bbox 551 2668 657 2728; x_wconf 91' lang='lat' dir='ltr'>duello</span> <span class='ocrx_word' id='word_1_161' title='bbox 681 2668 817 2729; x_wconf 90' lang='lat' dir='ltr'>miscuit.</span> <span class='ocrx_word' id='word_1_162' title='bbox 849 2669 1027 2745; x_wconf 89' lang='lat' dir='ltr'>Opudor“</span> <span class='ocrx_word' id='word_1_163' title='bbox 1052 2669 1083 2729; x_wconf 90' lang='lat' dir='ltr'>in</span> <span class='ocrx_word' id='word_1_164' title='bbox 1104 2670 1185 2731; x_wconf 91' lang='lat' dir='ltr'>hanc</span> <span class='ocrx_word' id='word_1_165' title='bbox 1209 2670 1400 2730; x_wconf 89' lang='lat' dir='ltr'>sententiam</span> 
     </span>
     <span class='ocr_line' id='line_1_22' title="bbox 249 2770 1401 2848; baseline -0.003 -14"><span class='ocrx_word' id='word_1_166' title='bbox 249 2775 312 2835; x_wconf 88' lang='lat' dir='ltr'>sibi</span> <span class='ocrx_word' id='word_1_167' title='bbox 335 2775 423 2834; x_wconf 88' lang='lat' dir='ltr'>visus</span> <span class='ocrx_word' id='word_1_168' title='bbox 453 2778 502 2832; x_wconf 93' lang='lat' dir='ltr'>est</span> <span class='ocrx_word' id='word_1_169' title='bbox 533 2787 631 2847; x_wconf 91' lang='lat' dir='ltr'>posse</span> <span class='ocrx_word' id='word_1_170' title='bbox 662 2770 839 2846; x_wconf 87' lang='lat' dir='ltr'>explicare:</span> <span class='ocrx_word' id='word_1_171' title='bbox 874 2771 980 2848; x_wconf 93' lang='lat' dir='ltr'>aptius</span> <span class='ocrx_word' id='word_1_172' title='bbox 1004 2771 1037 2830; x_wconf 92' lang='lat' dir='ltr'>id</span> <span class='ocrx_word' id='word_1_173' title='bbox 1061 2778 1110 2832; x_wconf 89' lang='lat' dir='ltr'>est</span> <span class='ocrx_word' id='word_1_174' title='bbox 1133 2772 1263 2832; x_wconf 84' lang='lat' dir='ltr'>Romani</span> <span class='ocrx_word' id='word_1_175' title='bbox 1288 2770 1401 2832; x_wconf 91' lang='lat' dir='ltr'>militis</span> 
     </span>
     <span class='ocr_line' id='line_1_23' title="bbox 249 2871 1434 2951; baseline -0.003 -16"><span class='ocrx_word' id='word_1_176' title='bbox 249 2875 363 2935; x_wconf 89' lang='lat' dir='ltr'>honori</span> <span class='ocrx_word' id='word_1_177' title='bbox 386 2871 630 2934; x_wconf 88' lang='lat' dir='ltr'>convenientius</span> <span class='ocrx_word' id='word_1_178' title='bbox 660 2887 763 2946; x_wconf 90' lang='lat' dir='ltr'>eaque</span> <span class='ocrx_word' id='word_1_179' title='bbox 793 2872 833 2931; x_wconf 93' lang='lat' dir='ltr'>de</span> <span class='ocrx_word' id='word_1_180' title='bbox 863 2889 976 2934; x_wconf 86' lang='lat' dir='ltr'>caussa</span> <span class='ocrx_word' id='word_1_181' title='bbox 1001 2875 1095 2934; x_wconf 88' lang='lat' dir='ltr'>venia</span> <span class='ocrx_word' id='word_1_182' title='bbox 1123 2874 1251 2951; x_wconf 87' lang='lat' dir='ltr'>dignius</span> <span class='ocrx_word' id='word_1_183' title='bbox 1273 2874 1400 2943; x_wconf 86' lang='lat' dir='ltr'>fuisset,</span> <span class='ocrx_word' id='word_1_184' title='bbox 1432 2889 1434 2896; x_wconf 61' lang='lat'><strong>⁴</strong></span> 
     </span>
     <span class='ocr_line' id='line_1_24' title="bbox 250 2973 1401 3053; baseline -0.003 -16"><span class='ocrx_word' id='word_1_185' title='bbox 250 2976 278 3036; x_wconf 91' lang='lat' dir='ltr'>si</span> <span class='ocrx_word' id='word_1_186' title='bbox 299 2975 383 3047; x_wconf 86' lang='lat' dir='ltr'>justa</span> <span class='ocrx_word' id='word_1_187' title='bbox 405 2974 571 3033; x_wconf 81' lang='lat' dir='ltr'>defunctus</span> <span class='ocrx_word' id='word_1_188' title='bbox 594 2973 799 3034; x_wconf 88' lang='lat' dir='ltr'>dimicatione</span> <span class='ocrx_word' id='word_1_189' title='bbox 823 2989 933 3050; x_wconf 90' lang='lat' dir='ltr'>paoem</span> <span class='ocrx_word' id='word_1_190' title='bbox 951 2975 1121 3046; x_wconf 85' lang='lat' dir='ltr'>fecisset“,</span> <span class='ocrx_word' id='word_1_191' title='bbox 1144 2975 1273 3053; x_wconf 88' lang='lat' dir='ltr'>leepins</span> <span class='ocrx_word' id='word_1_192' title='bbox 1294 2982 1401 3036; x_wconf 90' lang='lat' dir='ltr'>antem</span> 
     </span>
     <span class='ocr_line' id='line_1_25' title="bbox 250 3074 1400 3154; baseline -0.002 -16"><span class='ocrx_word' id='word_1_193' title='bbox 250 3079 282 3138; x_wconf 92' lang='lat' dir='ltr'>in</span> <span class='ocrx_word' id='word_1_194' title='bbox 304 3077 459 3138; x_wconf 82' lang='lat' dir='ltr'>Fleckeis.</span> <span class='ocrx_word' id='word_1_195' title='bbox 484 3076 561 3136; x_wconf 88' lang='lat' dir='ltr'>Nov.</span> <span class='ocrx_word' id='word_1_196' title='bbox 584 3076 709 3136; x_wconf 90' lang='lat' dir='ltr'>Annall.</span> <span class='ocrx_word' id='word_1_197' title='bbox 733 3074 909 3137; x_wconf 71' lang='lat' dir='ltr'>anitiano</span> <span class='ocrx_word' id='word_1_198' title='bbox 934 3096 963 3154; x_wconf 93' lang='lat' dir='ltr'>p.</span> <span class='ocrx_word' id='word_1_199' title='bbox 980 3078 1040 3137; x_wconf 78' lang='grc'>132</span> <span class='ocrx_word' id='word_1_200' title='bbox 1065 3079 1116 3137; x_wconf 90' lang='lat' dir='ltr'>vel</span> <span class='ocrx_word' id='word_1_201' title='bbox 1139 3078 1178 3141; x_wconf 92' lang='lat' dir='ltr'>ad</span> <span class='ocrx_word' id='word_1_202' title='bbox 1199 3079 1280 3140; x_wconf 91' lang='lat' dir='ltr'>hanc</span> <span class='ocrx_word' id='word_1_203' title='bbox 1304 3077 1400 3138; x_wconf 90' lang='lat' dir='ltr'>inter-</span> 
     </span>
     <span class='ocr_line' id='line_1_26' title="bbox 250 3173 1400 3262; baseline -0.003 -22"><span class='ocrx_word' id='word_1_204' title='bbox 250 3180 459 3257; x_wconf 90' lang='lat' dir='ltr'>pretationem</span> <span class='ocrx_word' id='word_1_205' title='bbox 477 3176 659 3236; x_wconf 86' lang='lat' dir='ltr'>descendit:</span> <span class='ocrx_word' id='word_1_206' title='bbox 683 3176 742 3237; x_wconf 88' lang='lat' dir='ltr'>llic</span> <span class='ocrx_word' id='word_1_207' title='bbox 758 3175 873 3258; x_wconf 79' lang='lat' dir='ltr'>(unde</span> <span class='ocrx_word' id='word_1_208' title='bbox 890 3179 1014 3239; x_wconf 90' lang='lat' dir='ltr'>vitam</span> <span class='ocrx_word' id='word_1_209' title='bbox 1029 3185 1208 3239; x_wconf 86' lang='lat' dir='ltr'>sumeret</span> <span class='ocrx_word' id='word_1_210' title='bbox 1223 3173 1400 3262; x_wconf 75' lang='lat' dir='ltr'>aptinsi)</span> 
     </span>
     <span class='ocr_line' id='line_1_27' title="bbox 250 3278 1402 3358; baseline -0.003 -16"><span class='ocrx_word' id='word_1_211' title='bbox 250 3297 360 3358; x_wconf 90' lang='lat' dir='ltr'>pacem</span> <span class='ocrx_word' id='word_1_212' title='bbox 389 3279 495 3340; x_wconf 93' lang='lat' dir='ltr'>duello</span> <span class='ocrx_word' id='word_1_213' title='bbox 525 3278 684 3338; x_wconf 87' lang='lat' dir='ltr'>miscuit.“</span> <span class='ocrx_word' id='word_1_214' title='bbox 735 3278 889 3350; x_wconf 86' lang='lat' dir='ltr'>Quocirca</span> <span class='ocrx_word' id='word_1_215' title='bbox 919 3280 1145 3356; x_wconf 89' lang='lat' dir='ltr'>quaerentibus</span> <span class='ocrx_word' id='word_1_216' title='bbox 1176 3280 1286 3349; x_wconf 91' lang='lat' dir='ltr'>nobis,</span> <span class='ocrx_word' id='word_1_217' title='bbox 1325 3279 1402 3354; x_wconf 92' lang='lat' dir='ltr'>quid</span> 
     </span>
     <span class='ocr_line' id='line_1_28' title="bbox 249 3381 1402 3459; baseline -0.004 -14"><span class='ocrx_word' id='word_1_218' title='bbox 249 3384 375 3445; x_wconf 91' lang='lat' dir='ltr'>tandem</span> <span class='ocrx_word' id='word_1_219' title='bbox 404 3381 639 3442; x_wconf 88' lang='lat' dir='ltr'>desideraretur</span> <span class='ocrx_word' id='word_1_220' title='bbox 667 3382 867 3458; x_wconf 88' lang='lat' dir='ltr'>potissimum</span> <span class='ocrx_word' id='word_1_221' title='bbox 897 3381 935 3443; x_wconf 92' lang='lat' dir='ltr'>ad</span> <span class='ocrx_word' id='word_1_222' title='bbox 965 3382 1180 3459; x_wconf 84' lang='lat' dir='ltr'>integritatem</span> <span class='ocrx_word' id='word_1_223' title='bbox 1211 3383 1402 3450; x_wconf 89' lang='lat' dir='ltr'>sententiae,</span> 
     </span>
     <span class='ocr_line' id='line_1_29' title="bbox 251 3482 1404 3562; baseline -0.003 -15"><span class='ocrx_word' id='word_1_224' title='bbox 251 3487 336 3562; x_wconf 90' lang='lat' dir='ltr'>quod</span> <span class='ocrx_word' id='word_1_225' title='bbox 359 3484 452 3560; x_wconf 90' lang='lat' dir='ltr'>sequi</span> <span class='ocrx_word' id='word_1_226' title='bbox 481 3484 512 3544; x_wconf 92' lang='lat' dir='ltr'>iu</span> <span class='ocrx_word' id='word_1_227' title='bbox 536 3482 742 3554; x_wconf 87' lang='lat' dir='ltr'>conjectando</span> <span class='ocrx_word' id='word_1_228' title='bbox 766 3490 853 3546; x_wconf 89' lang='lat' dir='ltr'>certo</span> <span class='ocrx_word' id='word_1_229' title='bbox 876 3484 1006 3555; x_wconf 90' lang='lat' dir='ltr'>liceret,</span> <span class='ocrx_word' id='word_1_230' title='bbox 1037 3487 1100 3545; x_wconf 92' lang='lat' dir='ltr'>tale</span> <span class='ocrx_word' id='word_1_231' title='bbox 1128 3484 1204 3561; x_wconf 91' lang='lat' dir='ltr'>qnid</span> <span class='ocrx_word' id='word_1_232' title='bbox 1228 3483 1404 3544; x_wconf 75' lang='lat' dir='ltr'>‘videbatur</span> 
     </span>
     <span class='ocr_line' id='line_1_30' title="bbox 251 3572 1402 3664; baseline -0.003 -15"><span class='ocrx_word' id='word_1_233' title='bbox 251 3603 353 3664; x_wconf 91' lang='lat' dir='ltr'>paene</span> <span class='ocrx_word' id='word_1_234' title='bbox 376 3572 561 3648; x_wconf 90' lang='lat' dir='ltr'>necessario</span> <span class='ocrx_word' id='word_1_235' title='bbox 585 3586 724 3661; x_wconf 89' lang='lat' dir='ltr'>requiri,</span> <span class='ocrx_word' id='word_1_236' title='bbox 748 3586 833 3662; x_wconf 92' lang='lat' dir='ltr'>qnod</span> <span class='ocrx_word' id='word_1_237' title='bbox 856 3591 888 3645; x_wconf 90' lang='lat' dir='ltr'>et</span> <span class='ocrx_word' id='word_1_238' title='bbox 911 3588 1056 3648; x_wconf 88' lang='lat' dir='ltr'>voculam</span> <span class='ocrx_word' id='word_1_239' title='bbox 1079 3587 1147 3647; x_wconf 92' lang='lat' dir='ltr'>hic</span> <span class='ocrx_word' id='word_1_240' title='bbox 1168 3593 1202 3648; x_wconf 90' lang='lat' dir='ltr'>nt</span> <span class='ocrx_word' id='word_1_241' title='bbox 1225 3587 1296 3647; x_wconf 95' lang='lat' dir='ltr'>loco</span> <span class='ocrx_word' id='word_1_242' title='bbox 1317 3587 1402 3662; x_wconf 90' lang='lat' dir='ltr'>priu-</span> 
     </span>
     <span class='ocr_line' id='line_1_31' title="bbox 251 3671 1401 3767; baseline -0.004 -16"><span class='ocrx_word' id='word_1_243' title='bbox 251 3691 356 3767; x_wconf 87' lang='lat' dir='ltr'>cipem</span> <span class='ocrx_word' id='word_1_244' title='bbox 386 3671 431 3751; x_wconf 89' lang='lat' dir='ltr'>ita</span> <span class='ocrx_word' id='word_1_245' title='bbox 452 3689 485 3748; x_wconf 89' lang='lat' dir='ltr'>vi</span> <span class='ocrx_word' id='word_1_246' title='bbox 515 3694 547 3748; x_wconf 86' lang='lat' dir='ltr'>ct</span> <span class='ocrx_word' id='word_1_247' title='bbox 570 3693 731 3764; x_wconf 88' lang='lat' dir='ltr'>potestate</span> <span class='ocrx_word' id='word_1_248' title='bbox 761 3695 951 3764; x_wconf 89' lang='lat' dir='ltr'>postremam</span> <span class='ocrx_word' id='word_1_249' title='bbox 983 3689 1169 3750; x_wconf 89' lang='lat' dir='ltr'>amoliretur</span> <span class='ocrx_word' id='word_1_250' title='bbox 1199 3696 1231 3749; x_wconf 84' lang='lat' dir='ltr'>et</span> <span class='ocrx_word' id='word_1_251' title='bbox 1264 3689 1401 3748; x_wconf 90' lang='lat' dir='ltr'>honeste</span> 
     </span>
    </p>
   </div>
   <div class='ocr_carea' id='block_1_6' title="bbox 250 3793 1497 3874">
    <p class='ocr_par' dir='ltr' id='par_1_6' title="bbox 250 3793 1497 3874">
     <span class='ocr_line' id='line_1_32' title="bbox 250 3793 1497 3874; baseline -0.002 -19"><span class='ocrx_word' id='word_1_252' title='bbox 250 3797 337 3857; x_wconf 89' lang='lat' dir='ltr'>vitae</span> <span class='ocrx_word' id='word_1_253' title='bbox 359 3811 449 3874; x_wconf 92' lang='lat' dir='ltr'>spem</span> <span class='ocrx_word' id='word_1_254' title='bbox 473 3794 556 3854; x_wconf 83' lang='lat' dir='ltr'>terro</span> <span class='ocrx_word' id='word_1_255' title='bbox 580 3794 691 3870; x_wconf 88' lang='lat' dir='ltr'>quaeri</span> <span class='ocrx_word' id='word_1_256' title='bbox 714 3793 910 3872; x_wconf 83' lang='lat' dir='ltr'>significaret</span> <span class='ocrx_word' id='word_1_257' title='bbox 932 3795 965 3855; x_wconf 93' lang='lat' dir='ltr'>in</span> <span class='ocrx_word' id='word_1_258' title='bbox 980 3795 1052 3872; x_wconf 90' lang='lat' dir='ltr'>ipsa</span> <span class='ocrx_word' id='word_1_259' title='bbox 1067 3795 1181 3874; x_wconf 78' lang='lat' dir='ltr'>Reguli</span> <span class='ocrx_word' id='word_1_260' title='bbox 1196 3794 1401 3870; x_wconf 85' lang='lat' dir='ltr'>peroratione</span> <span class='ocrx_word' id='word_1_261' title='bbox 1496 3809 1497 3870; x_wconf 65' lang='lat' dir='ltr'>t</span> 
     </span>
    </p>
   </div>
   <div class='ocr_carea' id='block_1_7' title="bbox 250 3894 1402 4378">
    <p class='ocr_par' dir='ltr' id='par_1_7' title="bbox 250 3894 1402 4378">
     <span class='ocr_line' id='line_1_33' title="bbox 251 3894 1402 3974; baseline -0.003 -15"><span class='ocrx_word' id='word_1_262' title='bbox 251 3899 398 3974; x_wconf 88' lang='lat' dir='ltr'>positum.</span> <span class='ocrx_word' id='word_1_263' title='bbox 434 3895 522 3968; x_wconf 82' lang='lat' dir='ltr'>erod</span> <span class='ocrx_word' id='word_1_264' title='bbox 548 3913 642 3972; x_wconf 89' lang='lat' dir='ltr'>quum</span> <span class='ocrx_word' id='word_1_265' title='bbox 666 3896 711 3957; x_wconf 87' lang='lat' dir='ltr'>ita</span> <span class='ocrx_word' id='word_1_266' title='bbox 733 3897 785 3965; x_wconf 92' lang='lat' dir='ltr'>sit,</span> <span class='ocrx_word' id='word_1_267' title='bbox 809 3915 871 3958; x_wconf 93' lang='lat' dir='ltr'>nou</span> <span class='ocrx_word' id='word_1_268' title='bbox 893 3897 1003 3959; x_wconf 90' lang='lat' dir='ltr'>dubito</span> <span class='ocrx_word' id='word_1_269' title='bbox 1025 3897 1174 3974; x_wconf 90' lang='lat' dir='ltr'>equidem</span> <span class='ocrx_word' id='word_1_270' title='bbox 1190 3894 1402 3967; x_wconf 87' lang='lat' dir='ltr'>conjecturam</span> 
     </span>
     <span class='ocr_line' id='line_1_34' title="bbox 252 3995 1402 4086; baseline -0.003 -28"><span class='ocrx_word' id='word_1_271' title='bbox 252 4015 439 4076; x_wconf 89' lang='lat' dir='ltr'>expromere</span> <span class='ocrx_word' id='word_1_272' title='bbox 468 4017 529 4086; x_wconf 89' lang='lat' dir='ltr'>non</span> <span class='ocrx_word' id='word_1_273' title='bbox 560 3998 733 4075; x_wconf 90' lang='lat' dir='ltr'>proclivem</span> <span class='ocrx_word' id='word_1_274' title='bbox 763 4000 864 4076; x_wconf 84' lang='lat' dir='ltr'>magis</span> <span class='ocrx_word' id='word_1_275' title='bbox 894 3995 1009 4080; x_wconf 90' lang='lat' dir='ltr'>(testes</span> <span class='ocrx_word' id='word_1_276' title='bbox 1039 3997 1078 4058; x_wconf 96' lang='lat' dir='ltr'>do</span> <span class='ocrx_word' id='word_1_277' title='bbox 1109 3995 1402 4076; x_wconf 80' lang='lat' dir='ltr'>Drakenborchiurn</span> 
     </span>
     <span class='ocr_line' id='line_1_35' title="bbox 251 4095 1402 4177; baseline -0.004 -19"><span class='ocrx_word' id='word_1_278' title='bbox 251 4099 306 4159; x_wconf 91' lang='lat' dir='ltr'>Sil.</span> <span class='ocrx_word' id='word_1_279' title='bbox 329 4100 379 4160; x_wconf 90' lang='lat' dir='ltr'>Vl.</span> <span class='ocrx_word' id='word_1_280' title='bbox 404 4101 474 4162; x_wconf 83' lang='lat'>580.</span> <span class='ocrx_word' id='word_1_281' title='bbox 503 4119 532 4177; x_wconf 91' lang='lat' dir='ltr'>p.</span> <span class='ocrx_word' id='word_1_282' title='bbox 549 4100 609 4162; x_wconf 75' lang='grc'>321</span> <span class='ocrx_word' id='word_1_283' title='bbox 634 4100 671 4160; x_wconf 86' lang='lat' dir='ltr'>cl.</span> <span class='ocrx_word' id='word_1_284' title='bbox 695 4100 761 4160; x_wconf 75' lang='lat' dir='ltr'>liv.</span> <span class='ocrx_word' id='word_1_285' title='bbox 786 4099 903 4160; x_wconf 87' lang='lat' dir='ltr'>XXXll.</span> <span class='ocrx_word' id='word_1_286' title='bbox 929 4101 1017 4170; x_wconf 80' lang='grc'><strong>20,1</strong></span> <span class='ocrx_word' id='word_1_287' title='bbox 1041 4104 1072 4158; x_wconf 90' lang='lat' dir='ltr'>et</span> <span class='ocrx_word' id='word_1_288' title='bbox 1096 4098 1308 4160; x_wconf 84' lang='lat' dir='ltr'>Schwarzium</span> <span class='ocrx_word' id='word_1_289' title='bbox 1324 4095 1402 4156; x_wconf 84' lang='lat' dir='ltr'>Plin.</span> 
     </span>
     <span class='ocr_line' id='line_1_36' title="bbox 250 4197 1401 4278; baseline -0.004 -18"><span class='ocrx_word' id='word_1_290' title='bbox 250 4200 323 4260; x_wconf 82' lang='lat' dir='ltr'>Pan.</span> <span class='ocrx_word' id='word_1_291' title='bbox 348 4202 385 4261; x_wconf 84' lang='grc'>15</span> <span class='ocrx_word' id='word_1_292' title='bbox 422 4203 527 4278; x_wconf 77' lang='lat' dir='ltr'>paea</span> <span class='ocrx_word' id='word_1_293' title='bbox 551 4219 587 4263; x_wconf 91' lang='lat' dir='ltr'>ac</span> <span class='ocrx_word' id='word_1_294' title='bbox 610 4204 816 4264; x_wconf 85' lang='lat' dir='ltr'>Burmanuum</span> <span class='ocrx_word' id='word_1_295' title='bbox 841 4202 1000 4262; x_wconf 84' lang='lat' dir='ltr'>Claudiam</span> <span class='ocrx_word' id='word_1_296' title='bbox 1023 4201 1057 4260; x_wconf 92' lang='lat' dir='ltr'>B.</span> <span class='ocrx_word' id='word_1_297' title='bbox 1081 4199 1162 4260; x_wconf 90' lang='lat' dir='ltr'>Gild.</span> <span class='ocrx_word' id='word_1_298' title='bbox 1186 4201 1246 4260; x_wconf 75' lang='lat'>28²1</span> <span class='ocrx_word' id='word_1_299' title='bbox 1283 4197 1401 4274; x_wconf 65' lang='lat' dir='ltr'>pail.</span> 
     </span>
     <span class='ocr_line' id='line_1_37' title="bbox 251 4301 1401 4378; baseline -0.003 -16"><span class='ocrx_word' id='word_1_300' title='bbox 251 4301 289 4362; x_wconf 85' lang='lat' dir='ltr'>cl.</span> <span class='ocrx_word' id='word_1_301' title='bbox 312 4301 383 4363; x_wconf 84' lang='lat' dir='ltr'>lior.</span> <span class='ocrx_word' id='word_1_302' title='bbox 410 4303 506 4364; x_wconf 84' lang='lat' dir='ltr'>Carm.</span> <span class='ocrx_word' id='word_1_303' title='bbox 531 4302 579 4361; x_wconf 93' lang='lat' dir='ltr'>lll.</span> <span class='ocrx_word' id='word_1_304' title='bbox 604 4306 655 4372; x_wconf 78' lang='lat'>29,</span> <span class='ocrx_word' id='word_1_305' title='bbox 680 4309 784 4364; x_wconf 77' lang='lat' dir='ltr'>5:11e</span> <span class='ocrx_word' id='word_1_306' title='bbox 808 4317 942 4378; x_wconf 88' lang='lat' dir='ltr'>serupcr.</span> <span class='ocrx_word' id='word_1_307' title='bbox 955 4303 1080 4362; x_wconf 86' lang='lat' dir='ltr'>Lachm.</span> <span class='ocrx_word' id='word_1_308' title='bbox 1094 4301 1207 4377; x_wconf 88' lang='lat' dir='ltr'>Haupt.</span> <span class='ocrx_word' id='word_1_309' title='bbox 1231 4302 1298 4362; x_wconf 82' lang='lat' dir='ltr'>lric</span> <span class='ocrx_word' id='word_1_310' title='bbox 1322 4315 1401 4360; x_wconf 86' lang='lat' dir='ltr'>sem·</span> 
     </span>
    </p>
   </div>
   <div class='ocr_carea' id='block_1_8' title="bbox 0 0 1527 4988">
    <p class='ocr_par' dir='ltr' id='par_1_8' title="bbox 0 0 1527 4988">
     <span class='ocr_line' id='line_1_38' title="bbox 0 0 1527 4988; baseline 0 0"><span class='ocrx_word' id='word_1_311' title='bbox 0 0 1527 4988; x_wconf 95' lang='lat' dir='ltr'> </span> 
     </span>
    </p>
   </div>
  </div>
 </body>
</html>
