3052 4996
814 345 858 415 aa

794 568 879 661 XX.

341 725 387 784 Ex
411 723 469 792 iis,
506 736 587 796 qrrae
617 723 811 798 grammatici
844 723 913 782 sine
938 723 1211 798 interpretationis
1236 727 1306 786 siue
1330 745 1417 788 corn-

257 826 432 903 paratien'rs
469 824 571 901 gratia
605 823 788 884 adscribere
820 825 1081 895 consuevissent,
1119 828 1149 887 in
1188 829 1259 903 ipsa
1287 829 1417 890 Horatii

257 929 395 990 earmIna
423 926 503 986 labis
540 924 661 999 aliquid
693 925 825 985 fluxisse
859 933 889 985 et
919 943 1014 1004 supra
1045 923 1084 1009 (I.
1108 929 1143 988 ll.
1170 929 1218 988 IV.
1242 929 1323 990 VIII.
1347 931 1415 990 XII.

255 1028 365 1113 XVIII)
400 1028 554 1104 suspicati
585 1044 691 1087 sumus
716 1034 810 1088 etex
842 1028 917 1088 aliis
945 1029 1026 1089 IocIs
1052 1031 1176 1091 videtur
1204 1051 1267 1092 non
1290 1040 1415 1108 temere

255 1133 374 1208 colligi.
420 1128 556 1200 Quorum
580 1128 720 1188 ordinem
745 1129 856 1191 ducam
879 1146 1013 1191 eversu
1036 1133 1058 1191 l.
1085 1136 1132 1203 II,
1157 1134 1212 1193 22:

895 1248 965 1291 nec
986 1233 1142 1297 Semeleius

469 1336 556 1394 Cum
579 1333 703 1392 Marte
734 1335 955 1394 confundet
978 1337 1194 1413 Thyoneus

511 1436 691 1496 Proelia.

254 1541 343 1613 Quod
367 1541 449 1600 emm
473 1557 529 1616 pro
554 1539 734 1613 incorrupto
760 1546 855 1613 atque
879 1540 1002 1616 Integre
1027 1539 1081 1600 diu
1097 1557 1206 1602 ornnes
1221 1543 1412 1613 habuerant,

253 1645 286 1704 id
309 1643 341 1702 in
366 1643 439 1702 vitii
469 1639 685 1713 suspicionem
714 1639 840 1698 tandem
868 1641 997 1702 adduxit
1029 1641 1190 1702 Ilanevius
1221 1645 1252 1703 iu
1286 1663 1344 1704 suo
1369 1645 1411 1704 dc

253 1743 465 1818 Theophrasti
489 1742 630 1800 Charact.
655 1740 775 1800 libello.
829 1742 990 1803 Adversus
1022 1761 1114 1819 quern
1145 1762 1226 1821 quae
1250 1747 1410 1824 Bergkius

251 1849 364 1910 Philol.
387 1845 465 1905 XVI.
491 1846 508 1903 t
541 1844 643 1920 neat
678 1843 867 1918 interposita
898 1846 960 1904 fide
990 1846 1095 1906 Hostii
1125 1865 1174 1922 ap.
1199 1848 1335 1909 Macrob.
1357 1849 1411 1909 VI.

253 1956 281 2021 5,
307 1951 341 2010 8:
375 1948 524 2023 Apollo
552 1945 749 2005 Latonius
780 1952 812 2004 61
835 1946 929 2007 Statii
952 1947 1030 2008 silv.
1054 1950 1078 2008 1.
1102 1951 1131 2019 2,
1156 1950 1232 2010 220:
1274 1950 1409 2010 Seme-

252 2054 363 2112 leius
384 2052 491 2111 Evan
515 2048 707 2123 disputavit,
738 2063 777 2108 66
799 2049 879 2108 nihil
904 2052 1010 2111 valere
1043 2050 1112 2128 ipse
1141 2052 1306 2114 Hanovius
1329 2054 1409 2114 Mus.
1493 2037 1494 2116 l

250 2151 473 2213 Rhen.XVI.2
498 2169 527 2226 p.
547 2150 605 2209 314
637 2165 710 2208 vere
740 2150 849 2210 docuit
880 2152 936 2210 1116
969 2154 1096 2227 quidem
1126 2154 1206 2214 salse
1231 2154 1293 2216 sibi
1316 2155 1407 2215 visus

249 2272 366 2317 nomen
397 2252 628 2314 Semeleius
668 2252 699 2310 in
729 2253 808 2312 haec
837 2253 898 2313 duo
928 2256 1092 2315 commode
1125 2257 1307 2317 diduxisse:
1348 2274 1408 2318 nec

250 2359 377 2418 semul
399 2353 553 2439 (simul)
577 2353 737 2415 Euhius.
784 2353 870 2425 Quae
893 2355 1031 2417 LInkero
1056 2359 1148 2418 valde
1172 2361 1305 2433 probata
1328 2360 1406 2420 ferri
1493 2343 1494 2354 ³

248 2469 353 2522 tamen
377 2460 463 2520 nullo
487 2465 579 2533 pacto
604 2465 754 2533 possunt,
779 2475 871 2533 quarn
891 2460 975 2519 enim
991 2460 1054 2521 vim
1071 2479 1146 2540 prae
1163 2479 1199 2522 se
1213 2463 1298 2522 terre
1314 2463 1405 2524 dices

248 2565 392 2624 voculam
421 2562 540 2622 simul
572 2566 625 2620 aut
656 2577 718 2635 qua
748 2559 1191 2638 16116661666611666116616
1221 2566 1283 2625 isto
1307 2566 1405 2626 Euhii

248 2667 437 2743 cognomine
466 2663 614 2740 apparari
643 2664 681 2723 ad
710 2663 948 2740 percipiendam
982 2666 1174 2728 mentionem
1198 2665 1403 2744 Thyonei?

248 2770 380 2829 Adeone
403 2767 545 2827 difficilis
574 2766 633 2825 fuit
656 2766 696 2825 ad
719 2765 974 2843 investigandum
1004 2774 1036 2827 et
1058 2769 1270 2846 detegendum
1294 2787 1404 2832 eorum

249 2888 353 2939 error,
383 2871 438 2944 qni
462 2868 546 2943 quod
570 2868 799 2943 interpretandi
822 2869 960 2929 nominis
983 2872 1201 2946 Thyoneus
1224 2875 1327 2951 gratia
1349 2875 1402 2934 ad-

247 2973 398 3048 scriptum
425 2969 622 3030 invenissent
639 2969 872 3030 Semeleius
898 2968 973 3052 (hoc
989 2974 1074 3033 enim
1087 2975 1212 3036 tradunt
1226 2976 1402 3037 fabularum

246 3081 406 3136 auctores:
443 3072 619 3141 Semele,
653 3073 761 3132 Cadmi
783 3073 866 3143 tilia,
898 3091 978 3149 quae
1010 3082 1041 3135 61
1064 3078 1225 3153 Thyone
1256 3079 1401 3139 dicitur“

245 3177 401 3253 Mythogr.
424 3172 459 3233 II.
484 3175 523 3232 'Ia
546 3174 666 3247 p.102,
695 3179 720 3234 1.
753 3175 854 3234 Wess.
867 3176 960 3238 Diod.
977 3176 1026 3236 111.
1051 3194 1080 3252 p.
1099 3179 1170 3248 231,
1196 3182 1245 3240 11.
1281 3179 1401 3241 Schoe-

245 3297 346 3340 mann.
372 3279 484 3354 Opusc.
507 3276 542 3335 ll.
577 3293 605 3350 p.
625 3278 682 3336 155
707 3274 787 3359 sep),
820 3276 939 3355 insigni
970 3279 1145 3341 litterarum
1177 3283 1400 3354 similitudine,

246 3399 307 3458 qua
334 3385 508 3457 congruunt
532 3377 641 3437 Ieius
666 3386 696 3439 et
720 3380 828 3439 Ievis
853 3387 884 3439 et
907 3381 1137 3444 Semeleius
1162 3393 1193 3445 et
1218 3386 1399 3447 stimulis

243 3484 350 3544 levis
380 3483 432 3541 vel
463 3481 596 3541 stimuli
627 3481 726 3542 levis
756 3479 865 3564 (Drak.
889 3483 943 3543 Sil.
966 3486 1003 3543 V.
1029 3487 1088 3546 3113
1122 3506 1151 3565 p.
1168 3487 1245 3572 211)
1277 3490 1398 3550 inducti

244 3587 277 3645 iu
300 3587 405 3661 ipsum
430 3600 500 3643 eum
525 3583 629 3642 locum
652 3584 842 3654 Intulernnt,
866 3585 920 3661 qui
943 3588 1074 3648 haberet
1098 3605 1194 3650 voces

859 3705 931 3748 nec
953 3688 1078 3754 61116116
1101 3693 1171 3756 Ievis

453 3791 540 3850 Cum
563 3791 687 3850 Marte
711 3791 932 3853 confundet
956 3794 1172 3870 Thyoneus

495 3891 661 3952 Proelia

240 3996 279 4054 ab
301 3991 433 4053 Horatio
460 3992 595 4054 Inhanc
620 3995 811 4054 sententiam
834 3996 987 4072 scriptas:
1012 3997 1066 4072 qui
1090 3999 1227 4058 stimulis
1243 3999 1326 4059 Ievis
1346 4007 1397 4068 est¹

239 4097 318 4156 deus
347 4115 409 4157 non
440 4104 487 4158 est
517 4097 693 4172 periculum
723 4115 763 4158 ne
793 4100 918 4172 proelio
948 4117 1004 4160 sua
1033 4117 1102 4159 cum
1126 4100 1233 4162 Marus
1257 4103 1393 4176 proeliis

239 4195 430 4259 contundat?
456 4200 712 4275 (6116661166,
730 4201 862 4261 XXXIII.
890 4204 923 4261 1:
957 4203 1088 4263 Actiaco
1112 4203 1282 4279 aliquando
1308 4207 1391 4265 bello

238 4300 371 4359 ducibus
395 4302 598 4377 moribusque
620 4305 770 4364 Romanis
794 4305 965 4380 peregrina
983 4306 1149 4383 Aegyptus
1173 4324 1277 4388 arma
1302 4325 1390 4392 per-
