3026 4988
759 313 824 383 1112

216 492 362 566 Calpum.
384 490 472 549 Decl.
497 488 580 546 XVll
602 505 632 562 p.
647 489 718 546 811.
743 488 824 547 Duk.
848 487 929 544 Flor.
952 485 988 542 ll.
1014 485 1098 553 11,5
1121 501 1151 558 p.
1166 487 1238 546 383.
1266 484 1380 543 Vorst.

216 593 335 666 Sulpic.
359 591 467 650 Sever.
491 589 571 650 llisl.
602 590 686 649 Sacr.
711 589 746 647 ll.
773 590 865 657 tat
904 606 936 662 p.
951 583 1072 674 220)ἳὴ
1106 587 1381 663 lpsum·verbum

216 695 387 782 multare
409 698 514 753 autern
546 691 754 759 insolentius,
788 707 880 764 quam
904 689 989 763 quod
1011 690 1130 766 legilnr
1152 690 1187 748 ll.
1213 693 1243 760 9,
1269 689 1305 748 8:
1339 687 1409 747 Et.

216 796 306 855 loliis
329 795 545 854 viduantur
575 795 683 862 omi“‚
713 800 745 851 et
768 807 937 859 enuere,
968 791 1157 864 spoliare
1179 793 1285 850 Burni.
1308 791 1380 850 Val.

216 897 316 956 Flaec.
340 895 390 955 lll.
414 897 474 955 332
498 914 528 972 p.
544 898 615 957 211.
639 894 714 954 Stel.
737 894 814 954 Silr.
836 893 872 951 V.
899 895 927 962 1,
954 894 1030 973 1533
1054 900 1086 953 at
1109 893 1260 968 frequens
1284 893 1380 961 illud,

219 1014 282 1072 quo
305 997 356 1056 usi
378 1004 449 1057 sunt
464 998 587 1058 Seneca
608 997 700 1072 Hipp.
718 998 794 1058 tbb:
817 995 858 1054 Ut
880 1011 961 1054 nunc
983 1010 1081 1054 canae
1104 995 1224 1071 frigora
1245 997 1381 1054 brumae

219 1098 375 1156 Nudent
398 1099 561 1158 silvas“
586 1104 618 1156 et
638 1098 731 1156 alibi:
755 1097 898 1157 crudum
921 1113 1056 1156 nemus
1080 1097 1235 1165 etSiliua
1260 1096 1380 1170 quibus

220 1199 302 1258 locis
324 1199 402 1259 dicit
421 1201 615 1260 Burmannus
640 1201 658 1258 l.
676 1201 722 1268 d.‚
753 1207 786 1258 et
808 1199 930 1258 Plinius
953 1199 987 1257 N.
1011 1197 1048 1256 H.
1070 1198 1148 1257 xvt.
1172 1199 1222 1268 22,
1248 1199 1306 1258 at:
1329 1205 1379 1257 ut-

222 1305 298 1374 pote
329 1318 422 1375 quum
451 1301 606 1376 quaedam
636 1301 758 1376 primae
792 1299 970 1378 germinent
1000 1306 1032 1358 el
1062 1300 1146 1358 inter
1184 1300 1380 1358 novissimas

221 1401 454 1462 nudentun“

758 1619 846 1714 titt

309 1809 367 1878 Qui
399 1810 504 1870 omnia
534 1828 591 1870 sua
624 1813 719 1872 nnius
749 1811 892 1870 doctriua
928 1816 960 1868 et
991 1810 1207 1886 intelligentia
1241 1814 1381 1884 metitur,

223 1911 376 1971 Lebrsins
400 1927 511 1971 versus
536 1912 568 1972 ll.
596 1915 645 1982 12,
669 1917 702 1973 9;

687 2020 776 2092 tuque
798 2013 1068 2089 pedestribus

441 2117 563 2177 Dices
586 2117 782 2175 historiis
805 2117 971 2191 proelia
993 2117 1204 2186 Caesaris,
1273 2159 1276 2164 -

436 2217 665 2288 Maecenas,
688 2219 835 2278 melius

228 2320 379 2379 offensior·
403 2322 535 2396 quadam
560 2336 670 2380 vocum
693 2326 819 2394 tuque
842 2327 874 2379 et
897 2321 1162 2396 pedestribus
1194 2321 1381 2398 importuni-

227 2427 292 2480 tate
325 2421 495 2497 praecipiti
531 2422 663 2482 andacia
697 2421 737 2481 ad
774 2423 854 2483 banc
889 2423 1018 2482 formam
1059 2423 1239 2483 revocavit:
1282 2439 1382 2482 nere

228 2523 431 2599 pedestribus
453 2524 545 2585 Dici
576 2524 823 2583 carminibus
852 2525 977 2597 proelia
1000 2524 1171 2594 -Caesaris,
1201 2523 1382 2592 Maecenas,

226 2626 399 2698 jubeasf‘
445 2626 532 2696 Quod
557 2627 717 2700 inceptum
740 2626 902 2686 confutare
926 2626 1007 2685 nibil
1030 2626 1160 2686 attinet:
1184 2627 1264 2686 illud
1286 2627 1381 2686 adno-

227 2736 315 2789 tasse
339 2729 417 2788 satis
440 2737 490 2789 est
514 2732 609 2790 verba
631 2730 851 2804 pedestres
873 2729 1077 2789 historias
1100 2745 1160 2789 nee
1184 2731 1383 2805 reprehensa

229 2845 302 2889 esse
325 2848 344 2890 a
365 2831 495 2891 Barthio
519 2831 596 2892 Stat.
619 2833 695 2891 Silv.
720 2830 756 2890 ll.
781 2834 810 2901 l,
834 2833 874 2890 22
905 2849 933 2906 p.
950 2831 1010 2890 219
1041 2837 1095 2891 aut
1126 2832 1190 2891 alio
1222 2849 1382 2906 quoquam

231 2938 262 2990 et
291 2934 369 2992 satis
401 2934 570 3009 explanata
599 2952 618 2994 a
648 2934 819 2994 Meibomio
854 2933 992 2993 Maecen.
1016 2933 1108 2991 XXV.
1135 2935 1172 2993 10
1211 2952 1241 3009 p.
1261 2936 1319 2994 157
1352 2939 1383 2992 et

229 3034 433 3110 Bernhardyo
458 3035 538 3095 Hist.
562 3037 648 3096 Rom.
672 3037 744 3095 Litt.
770 3054 799 3111 p.
815 3036 886 3096 258.
911 3040 973 3094 not.
992 3024 1062 3095 tia.
1106 3033 1195 3106 Qnod
1218 3051 1296 3095 vero
1321 3051 1381 3094 rne-

230 3137 290 3195 rito
313 3135 344 3194 in
368 3136 441 3195 vitii
464 3138 678 3213 suspicionem
702 3140 803 3198 venit:
835 3145 980 3212 tuque,
1012 3138 1044 3197 id
1067 3138 1185 3214 corrigi
1215 3137 1293 3196 lieet
1318 3138 1381 3197 exi-

230 3255 292 3314 guo
316 3245 438 3299 conatu.
492 3240 590 3309 Quum
614 3241 698 3300 eninr
721 3242 804 3300 hunc
827 3240 1055 3300 sententiarum
1078 3238 1222 3299 ordinem
1246 3256 1265 3298 a
1287 3245 1383 3315 pocta

230 3341 408 3400 institutum
430 3357 503 3402 esse
526 3349 676 3418 appareat
707 3339 908 3424 (quamquam
932 3342 965 3402 id
988 3359 1097 3419 parum
1119 3341 1266 3417 percepit
1288 3343 1381 3402 Lebr·

231 3441 326 3520 sinat:
350 3443 433 3503 nolis
457 3446 552 3523 longa
574 3446 662 3506 serae
685 3447 800 3505 bella
822 3444 1008 3504 Numantiae
1033 3479 1073 3490 -
1097 3444 1248 3504 mollibus
1272 3442 1381 3519 Aptari

230 3544 415 3606 citharae
439 3545 583 3606 modis:
615 3563 748 3622 namque
782 3554 821 3606 tu
851 3547 923 3622 ipse
951 3545 1066 3606 melius
1096 3545 1302 3621 pedestribus
1325 3545 1380 3603 hi-

230 3645 377 3705 storiis
408 3647 572 3722 proelia
601 3649 746 3708 Caesaris
770 3647 876 3717 dices,
907 3661 964 3706 me
987 3647 1170 3722 Licymniae
1202 3645 1315 3705 laudes
1338 3645 1380 3704 di-

230 3763 303 3807 cere
325 3748 432 3810 blusa
453 3751 556 3810 voluit
566 3760 596 3820 “,
625 3753 680 3813 vix
703 3752 831 3811 dubium
854 3750 996 3820 videtur,
1026 3750 1101 3825 quin
1127 3748 1211 3824 qrrod
1235 3749 1313 3808 olim
1337 3747 1381 3806 sic

229 3850 450 3927 consignatum
473 3853 572 3912 luisse
602 3860 694 3914 tuce
717 3871 830 3930 arguas
854 3853 1036 3918 auctoribus
1060 3851 1163 3912 Gudio
1187 3851 1318 3938 Plraedr.
1333 3850 1379 3909 lll.

233 3951 271 4010 12
296 3970 322 4028 p.
340 3954 377 4013 bl
403 3960 434 4013 et
457 3954 638 4016 Marklando
663 3958 739 4018 Stat.
765 3956 841 4016 Silv.
865 3954 887 4014 l.
912 3958 941 4026 t,
968 3956 1027 4016 115
1059 3973 1088 4030 p.
1104 3955 1174 4014 206.
1199 3953 1269 4014 add.
1292 3954 1379 4028 Valg.

231 4068 260 4127 p.
286 4056 357 4125 430,
381 4056 413 4116 id
436 4075 512 4118 vere
535 4059 573 4118 ad
597 4061 679 4120 bunc
702 4065 815 4118 statum
839 4057 1036 4134 redigamus:

698 4161 785 4223 Tuto
807 4159 1076 4236 pedestribus

438 4265 563 4324 Dices
585 4263 782 4326 historiis
806 4263 968 4341 proelia
995 4261 1187 4322 Caesaris
