3026 4988
202 548 205 552 ’
228 550 352 598 amores
375 533 535 611 privatos3
558 535 720 607 postremo
743 531 855 593 marito
880 545 1007 608 quoque
1023 530 1161 594 ,conscio
1185 532 1219 592 fit
1236 532 1381 592 omnibus

227 638 352 715 publica
376 633 559 696 meretrix.“
592 633 650 695 llis
674 633 771 711 igitur
794 633 957 695 subductis
981 631 1158 693 rationibus
1181 633 1257 709 quid
1273 638 1381 710 potest

226 747 290 802 tarn
314 742 458 816 apertum
475 753 548 798 esse
562 745 689 812 tamque
705 735 924 813 perspicuum,
946 751 1039 811 quam
1060 750 1170 797 vocem
1192 733 1381 806 juniores

227 841 308 904 falso
332 841 416 918 lagi,
439 841 629 916 provenisse
652 845 757 899 autem
777 839 977 900 librariorum
1000 839 1246 904 errorelitteras
1270 838 1382 898 iuno-

228 959 293 1005 res
316 938 509 1024 (viliores
532 942 569 1002 cf.
586 941 699 1001 Adnot.
717 939 792 1001 Stat.
807 941 872 1000 Ecl.
889 941 999 1000 ubal
1018 957 1045 1015 p.
1066 935 1119 1020 37)
1141 946 1172 999 et
1195 939 1383 1001 iuniores

228 1036 495 1121 permutandum?
548 1042 657 1118 Neque
694 1043 778 1103 enim
812 1041 1044 1119 praetereunda
1072 1041 1204 1102 Horatio
1240 1043 1301 1102 fuit
1329 1061 1383 1103 no-

114 1177 122 1188 ·
228 1147 353 1208 tissima
376 1144 507 1206 licentia
530 1160 636 1204 aarum
659 1144 834 1220 virginum,
866 1147 947 1219 quae
982 1144 1037 1205 diu
1060 1159 1183 1204 amores
1207 1143 1248 1203 de
1271 1152 1382 1205 tenero

229 1248 328 1328 ungui
350 1245 522 1308 meditatae
544 1244 606 1318 jam
630 1247 815 1316 „occulta
834 1244 1033 1315 libidine,
1057 1259 1098 1306 ne
1117 1245 1237 1307 servati
1251 1245 1384 1323 pudoris

229 1352 356 1430 puellae
385 1338 490 1410 'videri
518 1349 682 1420 desinant,
719 1354 872 1424 quaerunt
893 1345 1141 1431 {adulterum
1176 1349 1383 1426 quempiarn“

230 1451 338 1536 (Apul.
350 1453 423 1514 Met.
436 1449 485 1512 lx.
508 1449 629 1533 pbdd)
652 1451 724 1510 sive
746 1466 908 1510 servum
931 1450 1002 1510 sive
1024 1449 1245 1526 plebeium:
1269 1458 1384 1512 utrum-

231 1571 293 1634 que
314 1570 417 1632 genus
441 1553 525 1614 enim
546 1553 675 1630 proprie
698 1558 829 1612 vocatur
851 1551 935 1612 vile
959 1548 1158 1634 (Bourdelot.
1182 1552 1307 1613 Patron.
1325 1555 1384 1613 105

230 1677 260 1736 p.
282 1657 354 1718 633.
391 1656 472 1716 Gort.
495 1657 608 1716 Lucan.
630 1655 667 1713 ll.
692 1655 752 1714 263
791 1673 821 1730 p.
843 1651 930 1738 obe).
989 1653 1071 1725 Quid
1100 1655 1184 1715 enim
1214 1655 1257 1714 sit
1289 1656 1384 1718 illud:

232 1759 396 1838 quaerit
419 1758 659 1827 adulterum,
690 1757 829 1817 declarat
852 1763 886 1816 et
908 1757 1074 1818 Petronius
1096 1757 1154 1817 tto
1178 1775 1206 1834 p.
1223 1759 1301 1820 lid:
1332 1760 1384 1820 do-

230 1863 316 1924 mina
336 1877 408 1921 mea
428 1895 471 1905 —
493 1859 531 1920 in
554 1865 735 1920 extrema
764 1859 884 1936 plebe
915 1860 1095 1935 quaerit,
1127 1860 1211 1942 quod
1242 1860 1384 1938 diligat“

232 1970 264 2025 et
293 1963 372 2024 illud
402 1978 600 2039 quaerere
631 1963 777 2031 virum,
812 1959 913 2032 cujus·
932 1963 995 2021 vim
1031 1961 1216 2037 explanavit
1243 1961 1385 2041 Scaliger

230 2070 329 2129 Lectt.
352 2067 470 2125 Auson.
486 2065 507 2124 Ι.
525 2065 564 2124 tt
588 2082 618 2140 p.
635 2066 675 2124 la
708 2070 739 2123 et
763 2082 843 2139 uiros
874 2064 905 2124 in
931 2064 1018 2124 Calvi
1049 2064 1224 2141 fragmento
1247 2066 1319 2128 XXI
1341 2068 1385 2127 di-

232 2166 403 2245 sceptando
418 2164 580 2226 afferendi
603 2167 692 2227 locus
716 2167 784 2226 erit.
829 2165 974 2226 Proxima
996 2165 1071 2226 huic
1087 2173 1181 2246 sunt,
1206 2185 1288 2242 quae
1303 2171 1385 2246 apud

233 2270 315 2332 alios
339 2266 557 2353 inveniuntur:
587 2269 709 2330 occulta
739 2251 872 2329 libidine
901 2249 1124 2344 prorumpit
1154 2267 1186 2327 in
1210 2268 1385 2330 adulterum

234 2370 440 2450 quempiam“
464 2369 556 2445 Apul.
579 2370 599 2428 l.
617 2369 662 2439 d.‚
686 2371 822 2431 servis
845 2368 1069 2430 incurritur
1094 2369 1298 2431 Juvenalvl.
1315 2374 1385 2438 331.

233 2475 310 2537 l’ric.
334 2473 427 2549 Apul.
450 2470 523 2532 Met.
547 2471 611 2532 Vll.
637 2489 667 2548 p.
682 2473 754 2532 291.
785 2473 946 2531 irruere
969 2470 1044 2531 Oud.
1069 2490 1098 2548 p.
1116 2473 1187 2533 tal.
1222 2474 1306 2552 Ergo
1321 2477 1388 2536 his:

487 2575 567 2636 lum
589 2591 690 2633 nunc
713 2580 750 2632 et
773 2574 958 2633 incestos
982 2590 1140 2635 amores

530 2677 585 2737 De
607 2682 751 2736 tenero
774 2675 995 2736 meditatur
1016 2677 1161 2752 uugui3

446 2776 531 2839 Mox
555 2775 672 2841 viliores
695 2774 861 2853 quaerit
883 2776 1117 2848 adulteros,
1204 2797 1206 2800 ·

445 2880 555 2940 Inter
577 2879 713 2941 mariti
735 2878 833 2938 vina
855 2891 986 2953 neque
1010 2880 1145 2957 elegit
1168 2915 1209 2925 —-

235 2989 332 3062 poeta
356 2979 466 3047 scribit
488 2982 589 3043 tribus
612 2982 765 3057 deinceps
781 2979 966 3041 criminibus
986 2980 1172 3056 pudicitiam
1188 2982 1386 3059 coinquinari

236 3091 267 3145 et
292 3083 505 3162 pessumdari:
528 3084 685 3160 virginem
708 3083 842 3161 primum
865 3085 901 3143 ab
925 3082 1037 3143 lonico
1052 3084 1255 3145 saltationum
1269 3102 1386 3164 genere

234 3187 266 3249 in
291 3199 415 3246 amores
438 3183 566 3259 penitus
587 3185 842 3261 perpruriscere,
872 3202 945 3245 mox
975 3185 1110 3246 furtivos
1134 3187 1246 3247 vilium
1275 3205 1386 3265 puero-

145 3287 148 3295 “
236 3305 301 3349 rum
328 3286 493 3362 amplexus
517 3286 623 3356 obire,
647 3292 807 3363 postremo
832 3293 960 3363 nuptam
984 3304 1023 3347 eo
1046 3288 1237 3363 procedere,
1269 3298 1386 3352 utnon

237 3389 336 3467 eligat
372 3386 464 3468 (Prie.
487 3389 579 3463 Apul.
602 3389 677 3450 Met.
697 3387 747 3448 Vl.
778 3408 807 3466 p.
831 3388 908 3472 aba)
939 3397 1128 3461 amatorem,
1165 3391 1224 3451 sed
1258 3395 1386 3454 conscio

235 3490 348 3552 merito
372 3491 454 3552 inter
477 3490 626 3551 convivia
650 3508 762 3566 corpus
786 3491 910 3551 vendat.

319 3695 401 3756 Hinc
423 3695 463 3756 ad
486 3710 540 3764 ea,
570 3710 651 3771 quae
668 3696 691 3756 l.
707 3696 737 3764 d,
754 3695 793 3756 18
816 3695 849 3756 in
873 3696 1019 3757 omnibus
1040 3697 1131 3758 libris
1155 3697 1203 3758 sic
1224 3701 1387 3777 leguntur:

690 3798 855 3872 proelia
876 3798 1082 3878 virginum

446 3899 535 3965 Sectis
558 3900 598 3960 in
619 3899 790 3971 juvenes
811 3904 1017 3978 unguibus
1041 3904 1207 3974 acrium,

234 4003 367 4082 degredi
389 4003 481 4074 licet,
513 4019 575 4079 quo
604 4017 671 4062 rem
692 4001 820 4062 reddam
843 4021 862 4064 a
884 4003 986 4064 doctis
1016 4007 1289 4080 praetermissam:
1325 4008 1386 4080 jam

234 4111 307 4167 ante
329 4105 582 4181 Peerlkampium
603 4104 709 4164 Franc.
733 4103 888 4165 Oudinum
910 4107 997 4168 Misc.
1022 4109 1110 4168 0bss.
1126 4108 1203 4169 Noa
1220 4109 1255 4168 V.
1280 4129 1311 4186 p.
1326 4112 1385 4171 lot

235 4207 283 4266 sic
305 4207 471 4277 statuisse,
493 4213 528 4267 ut
542 4205 708 4267 Firmicum
731 4205 771 4266 de
792 4207 856 4267 Err.
879 4208 958 4269 Prot.
983 4210 1048 4269 Rel.
1075 4229 1105 4286 p.
1123 4213 1183 4272 420
1208 4213 1303 4272 haec:
1327 4229 1386 4274 nec

234 4308 438 4368 reservati
465 4325 621 4388 ungues
651 4313 760 4371 contra
786 4316 957 4371 amatorem
986 4312 1136 4374 rusticum
1170 4313 1292 4390 aliquid
1315 4334 1385 4392 pro-
