3026 4988
750 273 813 344 1⁰4

742 511 834 607 tlt.

290 710 400 783 Neque
430 703 548 777 majore
579 705 608 762 in
639 702 822 762 discrimine
854 701 1001 776 ponenda
1036 707 1125 768 sunt,
1157 717 1243 775 quae
1282 703 1368 762 idem

207 810 359 872 Lelrrsius
382 827 412 883 p.
435 806 558 865 XXXlX
583 823 628 880 sq.
652 804 693 863 de
718 816 811 861 versu
834 802 855 860 l.
880 803 911 870 Ἰ,
935 803 991 859 ai:

314 928 376 987 Nil
400 925 690 1001 desperandum
713 922 821 983 Teucro
848 922 920 983 duce
943 926 972 982 et
993 920 1112 1002 auspice
1133 921 1262 999 'lencm

399 1029 541 1087 Certus
566 1027 667 1085 enim
693 1021 887 1099 promisit
912 1023 1083 1094 Apollo·

314 1129 547 1206 Ambiguam
570 1128 726 1187 tellure
750 1141 854 1184 nova
876 1124 1081 1185 Salamina
1104 1127 1283 1186 futuram

210 1249 384 1324 disputavit
413 1249 460 1308 sic
489 1246 693 1323 corrigendo:
728 1245 772 1304 nil
803 1244 1033 1319 desperandum
1064 1244 1160 1305 divo
1185 1240 1369 1326 (magno,

210 1349 312 1433 fido)
337 1350 417 1411 duce
442 1356 473 1408 et
496 1350 628 1424 auspice
650 1348 844 1407 Phoebos
888 1346 998 1405 Nonne
1023 1347 1105 1405 enim
1130 1366 1192 1406 nou
1218 1365 1370 1424 superva-

211 1469 341 1514 caneum
370 1451 481 1520 modo,
512 1450 569 1508 sed
591 1449 704 1518 inutile
729 1454 777 1507 est
806 1448 870 1507 his:
907 1447 1003 1507 divo
1027 1449 1158 1507 duce“
1191 1450 1368 1526 legentium

210 1555 348 1614 animum
372 1552 463 1627 quasi
492 1552 643 1612 constitui
672 1557 767 1625 atque
799 1549 947 1624 apparari
970 1550 1010 1609 ud
1032 1550 1274 1626 percipiendam
1307 1555 1370 1614 vim

211 1671 322 1714 vocum
354 1654 526 1728 auspice
556 1649 740 1713 Phoebo?
778 1657 832 1712 aut
862 1651 943 1726 ipsis
972 1652 1023 1710 his
1054 1651 1188 1712 vocibus
1222 1656 1369 1716 subnecti

212 1756 353 1828 ejusdem
376 1756 430 1815 dei
454 1757 645 1816 mentionem
668 1756 728 1814 hoc
751 1754 861 1814 modo:
886 1755 1018 1830 auspice
1041 1754 1223 1828 Phoebo,
1258 1759 1369 1818 Certus

212 1857 295 1918 enim
327 1858 471 1933 promisit
501 1855 672 1934 Apollo?
683 1866 701 1890 ‘⁸
755 1856 904 1924 Accedit,
941 1857 1025 1930 quod
1054 1872 1094 1916 ne
1124 1858 1203 1918 illud
1241 1861 1369 1934 quidem

212 1959 452 2019 vereLeltrsius
476 1959 642 2019 affirmavit
666 1957 795 2017 minime
818 1957 952 2017 rationis
972 1974 1046 2017 esse
1069 1961 1192 2019 verbis:
1217 1963 1369 2022 Teucro

212 2061 292 2120 duce
317 2066 347 2120 et
371 2062 504 2135 auspice
520 2062 704 2120 Teucro“
729 2059 906 2118 continuari
921 2060 1016 2119 haec:
1034 2049 1146 2121 'certus
1171 2063 1278 2122 enim
1299 2083 1369 2140 pro-

211 2161 298 2222 misit
313 2162 474 2238 Apollo;“
499 2162 575 2236 quid
599 2160 681 2220 enim
705 2161 767 2219 hoc
790 2162 1018 2221 sententiarum
1042 2162 1155 2222 ordine
1178 2163 1369 2226 dilucidius:

213 2264 318 2323 ornuia
341 2264 463 2338 sperari
486 2281 505 2322 a
528 2262 620 2322 nobis
652 2268 783 2338 possunt
814 2269 944 2337 propter
968 2264 1182 2323 certissimum
1208 2269 1370 2342 Apollinis

213 2361 452 2439 responsum?“
506 2364 708 2438 Aliquantum
739 2364 836 2439 igitur
867 2365 1026 2438 praestitit
1057 2381 1186 2426 manere
1219 2369 1251 2428 iu
1275 2370 1369 2430 libro-

213 2482 279 2525 rum
310 2467 499 2526 auctoritate
530 2471 731 2539 mentemque
768 2465 892 2524 Horatii
928 2465 980 2525 his
1011 2468 1200 2542 explanare:
1237 2473 1370 2543 Teucer,

214 2585 306 2643 quum
330 2569 412 2644 patri
437 2568 606 2642 eidemque
630 2566 717 2642 regi,
742 2568 799 2626 sub
823 2565 910 2638 cujus
934 2570 1088 2644 auspiciis
1105 2571 1290 2644 militasset,
1315 2575 1369 2635 iur-

213 2671 363 2744 probatus
389 2677 493 2740 esset,
526 2677 630 2730 tamen
654 2668 717 2728 uda
738 2670 843 2742 Lyaeo
873 2674 1017 2746 tempora
1047 2671 1149 2732 vinxit
1179 2691 1218 2734 ea
1249 2677 1370 2748 lronde,

218 2787 299 2847 quae
327 2774 456 2847 propria
497 2779 545 2832 est
576 2771 721 2831 Herculis
759 2769 871 2846 vagi,
906 2770 1031 2844 jamjam
1067 2792 1128 2833 uon
1165 2779 1268 2838 solum
1302 2800 1370 2842 suo

216 2873 352 2944 ductu,
385 2875 441 2933 sed
471 2873 557 2933 suis
588 2873 683 2932 etiam
706 2870 913 2946 auspiciis
943 2873 1006 2933 sibi
1037 2875 1201 2950 sociisque
1224 2881 1369 2941 tristibus

215 2991 355 3035 securam
385 2976 492 3036 sedem
524 2992 560 3036 ec
591 2991 704 3035 novam
735 2973 866 3049 patriam
900 2976 1133 3048 quaesiturus“
1178 2978 1276 3051 Cujus
1301 3000 1370 3043 sen-

214 3079 334 3138 tentiae
359 3084 467 3137 auctor
490 3091 666 3150 suasorque
689 3075 826 3150 primus,
858 3075 891 3134 id
915 3077 999 3150 quod
1022 3085 1054 3137 et
1078 3080 1134 3139 alii
1166 3081 1316 3158 ignorant
1341 3093 1371 3144 ct

216 3179 353 3239 Orellius
377 3196 405 3253 p.
424 3179 479 3247 37,
511 3177 618 3236 extitit
648 3177 836 3236 Ouweusius
867 3178 966 3238 Noctt.
990 3179 1165 3258 llag.lll.ti
1196 3186 1301 3259 peso
1326 3206 1369 3263 sq.

214 3281 250 3340 cl.
274 3280 362 3357 Valg.
388 3298 416 3356 p.
434 3281 505 3348 371,
531 3278 586 3355 sed
610 3279 757 3354 neglecto
781 3279 852 3339 loco
878 3279 963 3352 eius,
994 3299 1075 3356 quae
1097 3284 1201 3344 Porcii
1224 3289 1370 3350 Latronis

215 3397 288 3442 esse
311 3383 426 3451 fertur,
462 3381 703 3442 declamationis
727 3387 835 3441 contra
858 3381 947 3441 Catil.
961 3363 1029 3442 XVI
1051 3403 1080 3460 p.
1099 3388 1193 3448 1093:
1222 3390 1369 3464 Aquilam

206 3470 396 3561 'argenteam
425 3485 561 3560 proferri
594 3483 744 3544 contiuuo
779 3477 912 3554 jussisti
935 3487 1127 3560 praeclaram
1160 3492 1370 3568 auspicem

214 3603 256 3646 ac
285 3579 619 3664 gubernatricem
655 3585 770 3644 luroris
808 3585 854 3645 tui
884 3586 1050 3646 futurarn.“
1107 3585 1300 3666 Quamquam
1332 3613 1369 3654 ue

116 3697 118 3702 '
213 3689 275 3748 hoc
305 3687 408 3763 ipsum
438 3686 563 3761 quidem
595 3687 772 3762 exemplum
797 3688 837 3748 ad
860 3687 1081 3750 stabiliendam
1104 3694 1270 3754 Ouweusii
1301 3714 1368 3757 sen-

214 3791 345 3850 tentiam
369 3785 402 3870 (a
418 3805 480 3864 qua
494 3788 638 3863 proxime
660 3791 751 3849 abest
765 3790 865 3870 ¹Corda
877 3791 962 3869 Virg.
975 3793 1053 3853 Aen.
1068 3793 1116 3852 lV.
1132 3796 1171 3856 45
1196 3814 1225 3871 p.
1241 3798 1301 3857 380
1329 3796 1367 3880 D)

215 3893 286 3968 plus
315 3891 416 3959 ualet,
454 3906 546 3965 quam
577 3889 741 3951 Claudiani
774 3893 969 3968 exemplum,
1000 3895 1085 3969 quod
1115 3897 1244 3957 allatum
1275 3907 1323 3960 est
1351 3919 1368 3961 a

213 3994 388 4054 Burmanno
413 3992 501 4053 Ovid.
525 3994 604 4054 Fast.
630 3985 714 4052 tao
739 4012 768 4069 p.
790 3998 818 4063 5,
841 3996 891 4054 lV.
915 3997 945 4055 C.
977 3996 1055 4057 Hon.
1081 4000 1157 4058 att:
1187 4001 1367 4078 Auspice

213 4111 287 4155 mox
315 4095 431 4154 laetam
460 4097 566 4156 sonuit
596 4099 771 4157 clamore
801 4099 968 4158 tribunal“
998 4106 1051 4160 aut
1082 4101 1179 4160 etiarn
1208 4098 1261 4184 (cf.
1287 4106 1366 4166 Coit.

214 4196 325 4255 Lucan.
350 4194 384 4254 ll.
409 4199 464 4258 sit
501 4216 529 4272 p.
547 4196 621 4282 251)
652 4199 829 4274 Symmachi
861 4202 909 4260 Or.
940 4219 995 4278 pro
1025 4203 1153 4263 Petrei)
1184 4207 1287 4280 pti:
1320 4207 1364 4282 ju-
