3030 4984
729 343 791 413 184

161 528 259 582 rent.
305 518 364 590 Qui
395 517 498 578 videri
530 522 661 594 possent
692 515 814 591 aliquid
843 516 985 585 dixisse,
1015 515 1043 576 si
1074 515 1153 575 illud
1176 516 1333 590 probabili

181 623 303 685 ratione
337 622 568 698 explicassent,
600 637 662 694 qao
693 618 818 679 tandem
848 625 940 694 pacto
969 619 1040 678 fieri
1069 619 1216 694 potuisse
1246 617 1334 676 vide-

182 732 284 794 retur,
307 731 341 784 ut
364 723 463 784 falsus
488 723 569 792 iste,
595 737 687 797 quem
710 723 815 781 animo
840 720 1044 782 informarunt
1068 721 1128 780 viri
1145 719 1334 789 doctissimi,

180 827 328 888 Horatius
343 826 384 886 iis
399 828 500 893 166111,
524 841 605 899 quae
623 825 796 884 fabularum
813 839 971 883 consensu
985 829 1181 883 contestatae
1197 823 1336 883 inaxime

182 933 213 991 in
236 935 383 1005 promptu
413 933 540 996 essent,
574 926 706 998 abjectis
738 933 769 985 et
800 925 955 1002 neglectis
994 925 1209 986 reconditiora
1239 941 1336 1000 quae-

182 1034 250 1092 dam
274 1031 430 1104 proterret
454 1035 484 1087 et
507 1029 545 1088 ad
572 1029 813 1105 intelligendum
835 1029 1049 1090 subdifficilia.
1093 1027 1192 1098 Quale
1217 1033 1276 1096 est,
1300 1033 1335 1086 ut

184 1133 330 1207 exemplo
354 1137 439 1200 utar,
472 1131 575 1206 ipsum
599 1130 693 1200 illud,
725 1131 810 1204 quod
832 1133 983 1191 Lebrsius
1013 1136 1108 1208 negat
1137 1131 1213 1189 16111
1236 1146 1335 1205 posse

183 1253 209 1293 1.
236 1235 288 1294 12:

440 1335 518 1395 lom
541 1333 691 1412 galeam
714 1337 848 1397 Pallas
873 1343 911 1395 et
934 1335 1083 1414 aegida

396 1437 582 1511 cnr-rosque
607 1444 644 1497 et
667 1437 817 1499 rabiem
841 1443 966 1513 parat.

62 1587 66 1594 .
182 1538 312 1600 Scilicet
336 1539 363 1597 is
386 1554 511 1607 eorum,
536 1554 617 1613 qrrae
632 1537 901 1599 bllitscberlichius
924 1557 987 1598 non
1006 1538 1110 1598 attulit
1135 1539 1165 1596 in
1187 1536 1335 1605 medium,

183 1643 254 1717 ipse
284 1639 411 1716 ignarus
441 1658 502 1699 nnn
536 1641 700 1716 perspexit
730 1640 820 1701 deam
856 1643 909 1701 bic
937 1639 1075 1700 describi
1104 1639 1159 1699 illa
1189 1640 1237 1698 ira
1266 1639 1335 1697 irri-

183 1748 293 1810 tatam,
331 1759 392 1816 qua
430 1743 458 1802 Γ
458 1737 679 1824 ιγαντοφόντις
717 1741 822 1825 (Spec.
852 1741 1000 1804 Emendd.
1031 1742 1120 1815 Prop.
1139 1741 1187 1800 lx,
1229 1760 1258 1816 p.
1279 1739 1334 1820 21)

182 1844 370 1905 Enceladum
394 1846 583 1917 protriverat
603 1846 733 1906 Pausau.
750 1846 827 1905 Vlll.
845 1846 895 1915 41,
913 1847 944 1905 1:
967 1843 1134 1925 γενομένης
1151 1851 1220 1914 τοῖς
1243 1846 1337 1914 θεοῖς

183 1946 264 2027 πρὸς
294 1948 449 2026 Γίγαντας
476 1943 579 2028 μα’χης
608 1944 762 2022 ἐπήλασεν
786 1937 960 2032 Ἐγκελάδῳ
986 1944 1095 2008 ἵππων
1126 1941 1161 2006 τὸ
1193 1941 1280 2027 ἅρμα
1304 1953 1337 2005 61

184 2051 306 2110 Callim.
328 2051 401 2109 Lan.
426 2049 499 2110 Pall.
524 2052 540 2108 6
562 2068 607 2120 sp.
641 2051 678 2111 cl.
701 2051 868 2124 Spanbem.
900 2069 930 2126 p.
953 2051 1021 2112 538.
1053 2047 1252 2110 Schneidew.
1276 2050 1336 2109 Eu·

184 2153 276 2211 statb.
299 2149 383 2209 Pind.
408 2151 549 2210 Prooern.
572 2170 602 2226 p.
625 2152 675 2212 26.
721 2151 819 2222 Quem
851 2152 986 2212 eundem
1018 2151 1093 2226 quid
1118 2150 1231 2210 mirum
1254 2150 1336 2211 nibil

185 2269 224 2313 ex
254 2253 326 2327 ipsa
354 2251 449 2310 Nerei
480 2254 641 2313 mentione
671 2251 799 2337 (Meurs.
823 2255 978 2330 Lycopbr.
998 2255 1056 2314 115
1087 2251 1336 2335 613616161-

185 2358 286 2412 catum
317 2368 390 2412 esse
418 2354 458 2414 de
488 2356 639 2417 vaticinio
671 2357 714 2438 (v.
739 2358 769 2432 3)
801 2363 873 2417 ante
906 2339 1063 2425 Cranaen,
1094 2355 1228 2414 insulam
1259 2356 1336 2424 Ceo,

184 2456 448 2530 Bacchylidis
472 2458 608 2536 (blitseb.
633 2478 661 2536 p.
681 2461 737 2521 161
758 2461 818 2534 sq.)
843 2459 983 2534 patriae,
1016 2456 1168 2526 vicinam,
1198 2457 1336 2517 subitam

185 2559 270 2618 illam
300 2557 386 2617 Idaei
424 2559 561 2635 pastoris
598 2567 728 2636 propter
765 2567 928 2620 ventorum
965 2559 1136 2636 segnitiem
1166 2559 1337 2618 stationem

185 2660 271 2720 edito
304 2656 393 2740 (Plut.
424 2661 464 2720 de
488 2661 548 2720 Vit.
580 2669 611 2721 et
641 2663 729 2722 Pecs.
753 2662 875 2723 Hom't
907 2664 1023 2738 pata.
1063 2662 1164 2721 Olear.
1188 2662 1336 2721 Philostr.

183 2762 238 2837 Ep.
261 2764 298 2822 ta
329 2781 357 2839 p.
383 2765 449 2823 119.
486 2763 582 2824 1161111.
605 2766 641 2825 D.
662 2765 695 2824 N.
719 2765 754 2823 ll.
786 2784 816 2841 p.
838 2767 909 2828 226.
947 2765 1335 2846 Β6611111.11661)111.116

184 2884 211 2941 p.
230 2861 307 2948 33)?
352 2863 530 2924 Habeamus
561 2866 657 2942 igitur
687 2873 770 2928 sarta
800 2874 884 2928 tecta
914 2884 952 2928 ea
980 2867 1123 2936 nomina,
1157 2867 1271 2940 quibus
1304 2865 1337 2925 in

184 2965 342 3038 similibus
365 2967 533 3026 sententiis
564 2969 667 3028 locum
695 2970 809 3030 laetam
832 2970 977 3031 videmus
1000 2969 1048 3028 lV.
1068 2972 1097 3038 9,
1115 2969 1169 3028 17ε
1204 2969 1270 3028 Non
1297 3003 1338 3011 -

184 3069 303 3144 primus
326 3069 476 3127 Teucer
508 3071 572 3129 tela
601 3070 743 3145 Cydonio
772 3071 898 3132 Direxit
929 3088 1003 3131 arcu
1027 3104 1068 3113 -
1091 3089 1153 3130 non
1183 3071 1337 3146 pugnavit

184 3171 296 3246 ingens
319 3169 507 3228 idomeneus
531 3169 838 3248 Sthenelusque
862 3171 1218 3234 solusDicendablusis
1243 3188 1336 3247 proe-

183 3272 254 3331 lia“
280 3276 310 3329 et
334 3271 402 3339 16,
421 3271 472 3330 tt:
516 3273 647 3347 pulvere
670 3274 783 3335 Troico
808 3275 935 3353 Nigrum
959 3275 1166 3335 blerionen
1197 3280 1249 3334 aut
1273 3291 1337 3351 ope

182 3373 319 3434 Palladis
351 3373 529 3449 Tydiden
563 3376 688 3451 superis
721 3388 866 3453 parem“,
901 3379 998 3455 idque
1028 3394 1066 3438 eo
1096 3379 1214 3455 magis,
1252 3377 1336 3452 quod

184 3475 261 3536 16111
292 3477 410 3535 dilucet
442 3477 501 3535 boc
531 3484 657 3550 poetam
694 3488 862 3555 sequutum
891 3498 982 3551 esse,
1019 3488 1053 3541 ut
1083 3480 1337 3551 conjuratam

184 3593 334 3638 omnem
361 3577 572 3639 Graeciam
599 3576 639 3661 (v.
657 3583 674 3641 6
692 3600 738 3656 sq.
763 3583 838 3644 Stat.
862 3579 1086 3665 1166111135)
1117 3581 1198 3658 ipsis
1222 3583 1263 3642 iis
1288 3598 1336 3641 re-

183 3683 291 3758 gibus,
326 3698 406 3754 quos
429 3681 551 3741 Paridis
581 3681 696 3754 injuria
725 3686 861 3746 maxime
887 3685 1026 3747 irritatos
1057 3703 1145 3756 „sua
1174 3685 1258 3744 bella
1287 3702 1336 3744 ca-

183 3783 389 3861 pessivisse“
423 3780 513 3864 (Stat.
537 3784 600 3843 l.d.
626 3783 702 3868 466)
732 3789 851 3847 nemini
882 3791 1048 3870 obscurum
1072 3794 1174 3857 61161,
1207 3786 1337 3847 omissis

183 3886 357 3946 luculenter
393 3893 580 3948 monstraret
617 3889 777 3948 mentione
817 3896 847 3948 et
881 3891 984 3952 Ulixis
1019 3889 1244 3964 Nestorisque,
1282 3890 1338 3964 qui

183 3987 366 4047 consilio
391 4005 452 4047 non
466 3989 557 4048 modo
577 3991 690 4065 perfidi
706 3992 844 4069 pastoris
860 3992 1071 4053 temeritatem
1088 3992 1338 4066 compescuisse,

183 4092 240 4151 sed
265 4089 360 4150 etiam
384 4091 485 4166 ipsius
500 4090 612 4163 Trojae
636 4109 716 4169 opes
739 4093 912 4171 refregisse
930 4101 1145 4163 narrarentur,
1169 4100 1339 4165 eteorum,

184 4193 237 4267 qai
260 4210 371 4253 manu
404 4193 501 4254 fortes
525 4195 594 4254 sive
618 4196 715 4256 duces
739 4197 809 4257 sive
832 4197 952 4257 milites
986 4205 1113 4266 „terras
1138 4196 1224 4256 viros
1253 4197 1337 4258 mili-

183 4299 267 4352 tares
291 4293 365 4352 dare
389 4300 508 4369 aptas“
532 4293 619 4377 (San.
643 4298 714 4357 Tro.
739 4295 814 4381 816)
840 4283 1029 4360 testarentur
1052 4314 1126 4358 esse
1151 4304 1181 4357 et
1205 4297 1338 4370 insulas,
1363 4337 1368 4346 -
