3030 4984
680 336 744 409 tot

130 513 219 592 pati
242 512 413 587 sapias“
438 515 524 570 recte
546 508 611 570 dici
634 517 754 587 pugnet
777 516 830 571 aut
852 512 998 573 inductus
1020 513 1103 574 locis
1125 512 1289 590 Prudentii

131 616 248 692 Apoth.
259 615 315 674 86:
333 614 397 674 Nec
413 629 484 688 cap
495 613 524 671 it
540 612 685 672 humanis
700 613 872 688 angoribus
888 629 1010 674 excru
1021 612 1155 674 ciari“
1168 610 1289 696 (Gloss.

131 718 213 777 lson.
239 735 268 792 p.
284 716 361 775 lli:
392 719 544 790 potest:
578 729 637 772 nec
661 715 746 773 valet
768 729 841 775 uec
865 714 995 798 vult“)
1019 720 1051 775 et
1073 715 1197 775 Paulini
1219 715 1291 776 Nol·

131 819 180 878 lX.
205 818 263 876 22:
298 816 363 876 Sed
391 815 512 876 domini
542 831 666 876 carmen
700 817 796 875 tellus
827 816 934 876 aliena
956 816 1105 876 mereri
1134 815 1289 877 1111111-

132 922 223 996 pit“
248 936 285 980 ac
307 918 435 978 Maximi
458 917 563 977 Schol.
588 919 620 977 in
642 917 774 993 Dionys.
800 921 914 992 Areop.
940 936 968 994 p.
986 918 1062 977 121:
1090 914 1172 980 θεὸν
1193 913 1289 981 αὐτὸν

132 1022 249 1097 νοῆσαι
277 1011 321 1083 οὗ
348 1022 557 1102 perpauper
584 1020 646 1080 hoc
669 1021 812 1093 prolerre
835 1019 983 1096 incipiat:
1017 1027 1051 1080 ut
1080 1020 1194 1081 melius
1222 1021 1290 1096 pati

132 1132 304 1200 capras.“

608 1354 811 1450 txxxtt
873 1359 877 1368 ’

219 1531 265 1589 Ac
287 1545 328 1587 ne
354 1529 433 1588 illud
457 1529 584 1604 quidem
615 1544 739 1590 carmen
769 1530 994 1590 involvendum
1024 1531 1171 1601 silentio,
1206 1530 1291 1605 quod

133 1649 196 1690 non
219 1631 313 1690 modo
329 1631 467 1691 omniurn
482 1631 720 1701 difficillimum,
745 1631 800 1690 sed
824 1637 1041 1707 portentorum
1064 1633 1150 1692 omni
1171 1647 1290 1709 genere

133 1733 285 1792 refertum
318 1733 442 1793 videtur
472 1749 544 1792 csse
576 1734 710 1793 Lehrsio
728 1753 772 1809 p.
795 1734 903 1794 XLIX:
937 1734 1009 1794 dico
1034 1749 1176 1804 11111111,
1206 1733 1291 1810 quod

133 1832 227 1909 attigi
242 1833 351 1902 LlllV,
378 1835 399 1893 l.
426 1835 474 1894 12.
519 1835 623 1894 Ordiri
646 1841 752 1894 eutem
776 1836 851 1896 licet
873 1853 893 1895 a
915 1851 1011 1895 versu
1032 1835 1082 1905 31,
1107 1852 1169 1910 quo
1184 1836 1290 1895 nullus

135 1941 184 1996 est
208 1940 240 1994 11
262 1935 413 1997 librorum
436 1937 653 2012 discrepantia
677 1943 707 1995 et
729 1937 892 1998 doctorum
907 1937 1068 2012 hominum
1086 1937 1290 1997 dissensione

133 2038 387 2098 memorabilior:
784 2098 785 2101 ,

312 2223 315 2228 Ι
370 2140 415 2201 Ε1
437 2140 584 2210 minax,
609 2139 650 2203 alc
672 2142 701 2202 dl
725 2142 914 2210 voluere,
938 2146 1061 2216 ponto

489 2242 598 2304 Unda
620 2243 820 2303 recumbit

136 2345 189 2405 Sic
220 2345 303 2404 enim
327 2343 523 2418 scripserunt
550 2343 702 2405 Heinsius
733 2352 765 2404 ct
786 2343 950 2415 Bentlejus
979 2345 1100 2419 aliique
1122 2345 1230 2416 multi3
1259 2349 1291 2404 at

135 2463 246 2507 verum
274 2463 311 2507 11
340 2461 522 2522 germanum
552 2462 624 2506 esse
656 2449 731 2507 hoc:
762 2461 842 2506 cum
873 2443 1012 2528 (quom)
1041 2445 1102 2506 sic
1130 2446 1291 2506 voluere“
1397 2472 1401 2477 -

89 2541 93 2546 ’
136 2552 326 2608 censuerunt
354 2547 535 2608 Meinelrius
566 2554 598 2608 et
628 2548 782 2626 Hauptius
816 2550 865 2608 1111
894 2548 1022 2622 quidem
1052 2546 1211 2608 incautius
1240 2561 1290 2606 se-

137 2637 229 2725 quuti
258 2653 412 2709 Acronem
442 2667 470 2724 p.
496 2652 547 2720 te,
572 2651 627 2710 31:
664 2649 724 2721 Qui
754 2650 801 2709 sic
832 2650 973 2710 voluere.
1011 2647 1141 2708 Scilicet
1169 2647 1216 2707 dii
1239 2647 1292 2705 vel

101 2823 103 2832 A
136 2753 228 2830 pueri
258 2750 393 2812 Ledae“
425 2757 457 2810 11
486 2751 735 2827 Porphyrionem
765 2770 794 2826 p.
820 2753 870 2821 19,
896 2753 950 2813 te:
984 2749 1044 2821 Qui
1073 2750 1120 2810 sic
1151 2749 1292 2808 voluere.

137 2855 195 2915 Pro
220 2870 303 2920 cum
324 2853 488 2912 voluere.“
523 2852 604 2923 Quid
628 2855 713 2914 enim
736 2873 797 2914 non
823 2854 957 2914 inertius
980 2853 1090 2921 modo,
1115 2850 1291 2910 sedminus

136 2973 265 3024 senum,
288 2971 379 3030 quam
395 2955 532 3030 principi
546 2956 743 3016 sententiae:
768 2973 931 3031 quorum
955 2955 1071 3013 simul
1097 2953 1167 3013 alba
1187 2951 1291 3012 nautis

137 3058 263 3136 stella
286 3039 482 3116 refulsit“
506 3058 619 3128 verba,
644 3074 724 3133 quae
747 3059 832 3118 idem
850 3058 974 3118 valeant
987 3051 1040 3138 (ol.
1054 3055 1155 3114 Burm
1168 3054 1291 3114 Petron.
1326 3099 1329 3106 .

139 3163 177 3220 dl
203 3179 233 3236 p.
252 3161 344 3232 too),
381 3160 413 3218 in
442 3161 524 3219 hunc
554 3161 680 3221 modum
710 3160 858 3238 subiungi
895 3167 1057 3221 extremae
1086 3157 1169 3234 parti
1196 3157 1291 3218 inter·

139 3264 262 3341 posita:
292 3262 410 3323 Delluit
433 3263 520 3324 saxis
544 3265 681 3340 agitatus
705 3266 831 3334 humor,
855 3263 1023 3324 concidunt
1046 3260 1135 3322 venti
1156 3260 1293 3337 lugiunt-

139 3382 201 3440 que
231 3366 331 3425 nubes
361 3363 399 3423 Et
428 3365 550 3434 minax,
581 3382 662 3424 cum
691 3369 751 3425 sic
778 3367 969 3432 volucre,
1001 3369 1098 3438 ponto
1127 3361 1217 3422 Unda
1246 3377 1292 3422 re-

139 3463 309 3528 curnbit'l“
355 3467 418 3527 Sed
443 3483 481 3526 ne
506 3469 608 3543 ipsius
631 3465 929 3543 Porphyrionis
952 3463 1080 3539 quidem
1103 3464 1294 3523 seutentiam

139 3570 286 3632 homines
310 3569 488 3629 doctissimi
513 3571 658 3630 videntur
681 3577 767 3629 recte
791 3568 927 3645 cepisse.
979 3565 1054 3626 Inde
1078 3565 1180 3634 enim,
1209 3563 1294 3639 quod

140 3674 171 3734 in
195 3671 339 3733 Parisino
364 3671 476 3733 codice
506 3674 682 3733 invenitur:
720 3672 813 3748 quie
843 3670 1012 3729 volvere
1042 3682 1099 3740 pro
1129 3666 1293 3725 convol-

141 3790 256 3843 vere,
281 3774 312 3833 in
328 3774 483 3834 Beruensi
504 3782 536 3834 et
559 3775 702 3836 editione
719 3757 877 3834 Romana?
895 3769 1000 3847 quod
1023 3769 1107 3828 volo.
1131 3784 1187 3843 pro
1203 3785 1294 3827 con-

139 3878 325 3946 volvere,
355 3875 385 3935 in
417 3877 600 3936 Monacensi
638 3885 743 3937 autern
772 3883 802 3935 11
832 3873 1128 3948 Guelpherbylano:
1162 3870 1294 3928 voluere

140 3984 300 4057 pontum,
324 3996 387 4038 non
410 3978 506 4038 dubie
530 3979 720 4055 intelligitur
743 3981 804 4038 hoc
824 3974 1030 4052 praecepisse
1045 3971 1294 4048 grammaticum:

141 4084 271 4141 verbum
306 4082 475 4140 volvere
511 4083 563 4140 hic
594 4083 697 4151 cerni,
735 4099 796 4140 non
831 4078 943 4136 velle
980 4070 1031 4155 (cl.
1057 4075 1178 4134 Claver.
1205 4072 1293 4132 Glau-

141 4186 224 4246 dian.
248 4185 282 4243 R.
305 4183 391 4243 Pros.
414 4183 448 4243 ll.
471 4169 552 4259 (ἡ).
576 4183 652 4267 512)
690 4184 838 4255 idemque
873 4182 909 4240 ab
945 4177 1076 4238 Horatio
1111 4175 1179 4234 his:
1212 4173 1296 4262 unde

142 4289 292 4358 minax,
323 4286 705 4363 quodsicvoluere
731 4289 920 4361 pontu1n“
945 4281 1144 4355 dictatque,
1177 4284 1213 4339 ut
1234 4277 1296 4340 hoc
