3030 4984
667 330 727 402 101

119 509 249 566 Curru
273 504 405 580 surrigit
427 502 570 562 aliter.
616 504 684 562 ll.2
709 505 814 579 pta:
851 508 978 568 lmmum
1008 511 1132 572 Cursu
1160 515 1283 578 deserit

119 607 281 676 alite“l.
317 605 464 681 Cogitate
488 605 614 678 quidem
644 607 707 665 lroc
733 605 796 676 jam
827 608 902 667 olim
931 609 1046 671 lactum
1069 615 1161 676 etad
1183 619 1283 680 totius

120 712 184 771 loci
208 707 402 769 sententiam
425 714 501 782 apte
524 707 687 766 inventum
717 700 817 789 (quod
840 711 895 784 qui
919 721 1011 788 negat
1034 714 1173 777 Orellius
1196 739 1226 794 p.
1242 722 1282 781 lb

119 815 172 874 his
195 812 384 873 deiunctus:
414 809 471 868 alii
505 811 608 869 minus
638 811 788 885 apposite
819 815 1033 887 explicarunt:
1069 820 1193 890 volatu,
1225 822 1280 882 im-

119 922 216 992 petu,
241 913 394 972 instinctu
419 910 566 985 poetico,
589 909 718 970 Homeri
742 914 897 987 auspiciis
908 925 939 984 “,
964 917 1036 991 ipse
1059 937 1174 980 causae
1197 931 1281 984 statu

121 1034 233 1095 parum
257 1015 387 1090 cognito
412 1018 444 1070 et
469 1013 653 1087 explorato,
676 1020 710 1071 ut
731 1014 870 1083 assolet,
902 1025 1014 1091 optare
1034 1021 1163 1093 maluit,
1189 1042 1281 1099 quarn

120 1116 275 1200 docere);
300 1115 359 1176 sed
382 1115 592 1190 probabiliter
614 1123 647 1172 et
670 1115 789 1173 latinae
808 1119 1033 1180 consuetudini
1053 1127 1283 1188 convenienter

119 1223 239 1282 facturn
270 1235 312 1278 ue
339 1217 386 1276 sic
415 1216 542 1290 quidem
572 1217 767 1284 obtinueris,
806 1217 835 1274 st
866 1220 917 1277 vel
946 1225 1101 1283 acerrime
1123 1227 1280 1295 ¹inculces

121 1342 193 1385 cum
217 1320 378 1395 Propertii
401 1319 505 1377 locum
528 1316 578 1398 (11.
602 1319 653 1386 25,
677 1317 749 1397 84),
782 1320 902 1393 inquo
926 1323 1079 1384 olorem
1111 1345 1168 1403 pro
1193 1331 1225 1389 vi
1248 1339 1280 1392 et

120 1433 235 1487 natura
257 1439 295 1482 ac
318 1420 412 1480 laude
433 1419 533 1478 oloris
556 1434 794 1478 commemorari
817 1419 983 1482 docuimus
1006 1423 1134 1494 Quaest.
1158 1429 1199 1489 de
1219 1433 1265 1492 An

121 1543 196 1588 sere
218 1529 319 1601 poeta
340 1521 360 1579 l.
376 1520 403 1579 d.
429 1538 459 1594 p.
478 1521 531 1578 to:
556 1527 589 1579 nt
611 1522 695 1580 enim
711 1522 938 1594 concedamus,
963 1528 1047 1600 quod
1062 1529 1192 1592 minime
1208 1551 1279 1594 con·
1369 1565 1376 1582 ·

119 1629 299 1690 cedendum
331 1631 397 1693 est,
428 1624 571 1683 alitem
598 1630 685 1682 recte
710 1642 767 1698 pro
791 1641 917 1700 cycno
941 1629 1097 1692 nominari
1127 1651 1164 1694 ac
1185 1637 1280 1698 dissi-

119 1734 280 1793 mulemus
304 1743 400 1802 supra
422 1726 652 1800 reprehensum
676 1728 843 1786 verborum
866 1729 1025 1791 ordinem:
1059 1735 1131 1809 quis
1154 1739 1280 1801 tandem

120 1832 320 1911 praeclaram
356 1828 510 1904 quandam
548 1827 789 1887 similitudinem
818 1845 899 1920 ,esse
933 1833 1051 1894 dixerit
1088 1837 1171 1899 inter
1200 1842 1281 1901 haec

121 1937 222 1996 verba
251 1931 425 2006 Proper-tii:
466 1945 526 1988 nec
549 1964 587 1972 —
612 1947 785 1989 canorus
814 1931 947 1992 Anseris
978 1935 1106 1998 indocto
1142 1943 1280 2002 carmine

122 2037 223 2098 cessit
257 2036 376 2094 olor“
419 2041 450 2091 et
493 2031 580 2091 illum
611 2046 737 2091 versum
772 2031 910 2092 Horatii:
951 2053 970 2095 a
1003 2037 1096 2099 Vario
1130 2043 1279 2106 scriberis

121 2138 264 2201 Maeonii
287 2136 435 2196 carminis
458 2134 592 2194 alite“
616 2135 647 2192 in
671 2135 769 2203 hanc,
799 2137 828 2194 si
851 2136 913 2196 diis
937 2139 1058 2213 placet,
1088 2145 1280 2206 sententiam

120 2243 182 2314 jam
208 2238 448 2314 explicandum:
473 2235 686 2295 celebraberis
711 2235 835 2297 olorina
858 2238 914 2298 illa
938 2242 987 2309 vi,
1018 2259 1079 2317 qna
1102 2245 1280 2309 ltlaeonium

124 2357 250 2405 carmen
275 2334 418 2401 eminet?
464 2337 532 2409 Quo
557 2353 652 2397 versu
676 2345 792 2412 quanto
816 2339 996 2402 distinctior
1018 2345 1207 2423 planiorque
1230 2355 1280 2409 est

125 2444 228 2506 oratio
251 2438 378 2503 Sidonii
399 2440 597 2516 Apollinaris
620 2439 720 2514 Epist.
736 2439 814 2500 Vlll.
833 2442 869 2500 11
895 2460 925 2518 p.
940 2445 1017 2504 527:
1047 2452 1082 2506 ut
1110 2463 1182 2508 eum
1209 2448 1280 2520 jure

125 2562 278 2608 censeres
302 2543 639 2620 postHoratianos
666 2549 703 2600 et
726 2542 965 2605 Pindaricos
988 2565 1133 2623 cycnos
1156 2553 1280 2628 gloriae

125 2650 240 2728 pennis
264 2647 493 2707 evolaturum.“
541 2645 639 2704 Herm.
663 2642 769 2706 Xlllll.
795 2647 871 2706 tob:
896 2645 1046 2717 Quamvis
1070 2658 1142 2726 post
1165 2652 1279 2713 satiras

124 2754 289 2828 lyramque
320 2748 428 2809 tendat
469 2746 526 2805 llle
567 2747 607 2807 ad
640 2747 898 2808 Pindaricum
934 2753 1043 2811 volare
1083 2763 1279 2829 cycnum.“

124 2854 224 2932 igitur
253 2852 381 2932 missam
409 2848 473 2920 jam
502 2849 654 2910 iaciamus
687 2851 790 2919 illam,
815 2867 906 2926 quam
937 2859 1065 2928 praeter
1095 2870 1170 2925 eos,
1199 2872 1279 2931 quos

125 2974 222 3033 supra
262 2952 512 3020 nominandum,
538 2935 786 3012 'wernsdomus
811 2953 841 3014 P.
866 2955 897 3015 t.
920 2954 959 3015 Μ.
980 2955 1062 3014 tv.2
1098 2972 1127 3031 p.
1152 2959 1211 3019 oto
1249 2965 1280 3018 et

124 3052 395 3118 Mitscbcrlichius
429 3073 457 3130 p.
481 3055 520 3113 45
550 3053 816 3131 Weichertusque
850 3074 881 3132 p.
903 3058 941 3118 bb
971 3057 1105 3131 jactant,
1141 3060 1281 3122 Maeonii

124 3158 274 3221 canninis
306 3156 603 3218 sublimitatem
640 3161 673 3216 et
701 3155 971 3233 majestatem,
1008 3161 1187 3234 videamus,
1218 3178 1280 3240 quo

126 3263 241 3331 valeat,
264 3259 349 3336 quod
371 3259 469 3319 iidem
492 3277 554 3319 non
577 3259 680 3319 minus
703 3260 817 3320 audaci
841 3263 978 3323 consilio
1003 3272 1186 3342 suggerunt,
1214 3282 1280 3328 au·

125 3364 299 3441 spicium
321 3360 460 3422 Homeri.
512 3360 601 3431 Quod
633 3361 818 3422 vocabulum
850 3379 943 3438 quum
975 3364 1046 3439 ipsa
1068 3381 1119 3428 res
1142 3368 1282 3430 declaret

124 3485 188 3528 non
213 3466 353 3542 positum
377 3479 450 3524 esse
474 3465 506 3524 in
530 3479 569 3523 ea
592 3463 768 3532 sententia,
793 3465 901 3541 inqua
923 3464 1280 3541 legimushaecAvien.

123 3568 283 3631 D.0.10:
321 3580 539 3640 oceanumque
570 3563 769 3625 Carminis
799 3566 1027 3642 auspicium
1059 3567 1191 3643 primum
1219 3582 1281 3628 me-

125 3679 250 3733 morate
273 3672 470 3738 Camenae“,
494 3669 525 3728 in
551 3669 637 3729 illam
661 3669 865 3744 spectandum
890 3675 940 3729 est
963 3675 1100 3746 partem,
1134 3669 1166 3730 in
1190 3685 1280 3744 quam

125 3776 267 3851 dirigunt
290 3771 389 3832 Silius
406 3770 456 3830 Vl.
477 3773 532 3833 65:
558 3770 712 3846 patriis
735 3774 800 3832 heu
821 3772 938 3833 Punica
960 3772 1045 3831 bella
1066 3769 1282 3846 Auspiciis

125 3880 290 3954 ingressus
306 3879 404 3935 erat.“
430 3875 512 3934 Cort.
530 3876 643 3935 Lucan.
657 3871 694 3934 ll.
709 3876 769 3937 tol
794 3893 824 3951 p.
840 3875 899 3934 aba
925 3873 961 3934 cf.
980 3869 1140 3933 Claudian.
1155 3872 1188 3931 B.
1203 3869 1287 3947 Gild,

126 3981 203 4043 500:
241 3976 362 4036 lllius
393 3976 601 4052 auspiciis
633 3977 788 4036 immensa
817 3992 875 4053 per
905 3991 1044 4050 aequora
1073 3974 1185 4044 miles,
1216 3971 1286 4032 Non

123 4080 276 4142 Plaustris
310 4081 449 4140 Arctove
487 4086 608 4155 regor“
651 4074 735 4159 (narn
773 4078 884 4139 omitto
920 4082 952 4134 et
988 4076 1078 4151 Prop.
1102 4075 1149 4136 lV.
1175 4076 1205 4145 b,
1228 4073 1286 4135 23:

126 4182 230 4259 plenis
256 4182 380 4242 lovis
410 4181 542 4242 omine
571 4179 663 4238 velis.
716 4181 828 4240 Avien.
853 4179 939 4239 Aret.
963 4177 1079 4238 Phaon.
1104 4177 1137 4236 3:
1171 4173 1285 4238 lovis

126 4284 262 4346 omine
293 4285 416 4344 coelum
446 4282 483 4344 Et
506 4281 595 4341 lovis
625 4280 760 4354 imperio
791 4280 975 4340 mortalibus
996 4279 1137 4340 aethera
1168 4277 1286 4356 pando.

1075 4381 1112 4442 11
