3052 4996
797 343 840 414 ld

245 519 323 580 558:
348 518 459 581 Acrius
483 518 544 578 boc
567 518 699 594 pulchro
722 517 864 579 Mavorte
895 534 1048 579 accensus
1072 519 1104 579 in
1129 520 1257 581 iram“
1289 527 1331 580 et
1360 520 1423 580 Po·

242 617 349 681 loniae
372 635 480 698 regem
503 617 687 681 Sarbievius
711 620 760 680 tv.
786 621 824 681 38
856 638 885 697 p.
902 620 983 680 204:
1020 620 1130 690 Qualis
1165 623 1283 682 minaci
1318 637 1423 698 prae

242 721 321 782 luris
351 721 471 798 impetu
500 722 537 784 Et
569 729 743 799 quantus
773 725 868 786 irae.
921 726 961 784 29
985 741 1014 799 p.
1032 724 1107 783 187:
1145 730 1282 800 quantus
1306 724 1423 785 armis

244 823 275 886 in
307 825 413 886 media
442 841 569 902 quoque
600 827 767 888 Formosus
797 826 868 888 ira.
912 827 1009 903 Epod.
1033 826 1072 886 XI
1103 843 1133 901 p.
1152 827 1224 887 238.
1269 829 1349 889 lsse
1377 861 1423 871 -

245 928 390 1002 captivos
419 959 460 971 -
488 927 628 990 Gelonos
659 964 699 974 -
730 935 896 1005 tropaeum
926 929 1050 990 Nobilis
1087 930 1182 990 irae.
1212 965 1254 976 -
1285 931 1423 990 decora

243 1027 349 1088 Caede
384 1029 540 1089 formosus
575 1030 745 1106 mediaque
780 1032 907 1093 laudum
942 1032 1077 1092 Pulcher
1113 1032 1144 1092 in
1183 1031 1243 1093 ira
1272 1033 1421 1095 Ardet.“

242 1129 383 1206 Namque
414 1131 489 1202 „ira
520 1147 618 1206 saepe
649 1133 681 1193 in
711 1134 814 1195 milite
845 1140 893 1194 est
923 1135 1024 1195 virtus
1049 1141 1081 1194 et
1103 1135 1191 1194 calor
1211 1133 1419 1205 juventutis,

244 1239 278 1292 ut
303 1232 426 1293 centies
450 1233 535 1310 apud
558 1233 691 1296 Statium
701 1245 719 1269 ‘⁴
743 1237 845 1297 Burm.
868 1238 984 1297 Lucan.
1007 1235 1059 1294 VI.
1084 1239 1142 1298 155
1174 1239 1297 1311 11:308.
1319 1254 1417 1308 „au-

242 1335 334 1397 dacia
356 1343 409 1397 aut
434 1335 560 1397 virtus“
583 1338 689 1398 Barth.
712 1338 791 1398 adv.
814 1337 850 1397 V.
878 1341 915 1400 15
937 1338 1006 1418 (Sil.
1028 1338 1067 1399 V.
1092 1340 1131 1398 ld
1156 1358 1186 1416 p.
1203 1338 1291 1422 245).

324 1440 412 1500 Licet
435 1439 698 1515 aliquaaddere,
723 1456 804 1516 quae
828 1441 975 1518 fugerunt
998 1440 1272 1518 Peerlkampium3
1304 1443 1414 1502 Lehr-

242 1541 323 1600 sium
347 1541 432 1601 enim
455 1541 584 1601 silentio
608 1542 786 1602 transmitto
810 1543 1051 1605 difficultatibus
1075 1544 1221 1604 levandis
1237 1545 1319 1605 adeo
1343 1544 1412 1603 im-

241 1657 366 1720 parem,
390 1648 424 1703 ut
448 1643 478 1702 in
503 1659 615 1702 versus
642 1645 776 1704 tr-et
802 1645 885 1706 ferro
910 1653 1108 1723 grassaretur
1133 1642 1185 1727 (cl.
1198 1644 1305 1730 XLV).
1334 1646 1409 1707 Li-

242 1745 374 1804 beram
398 1751 562 1806 mortem
586 1747 671 1806 enim
694 1747 873 1808 invenimus
902 1749 987 1825 apud
1009 1749 1163 1810 Senecam
1187 1752 1298 1826 Agam.
1324 1750 1408 1808 591:

242 1863 312 1907 oum
336 1853 443 1924 pateat
466 1848 556 1907 malis
579 1847 736 1926 Effugium
759 1855 791 1909 et
814 1851 950 1910 miseros
980 1851 1115 1910 libera
1138 1867 1241 1911 mors
1266 1857 1405 1918 vocat“,

242 1966 336 2025 quem
359 1966 485 2011 versum
507 1948 749 2030 Oudendorpius
780 1952 975 2027 comparavit
1005 1969 1075 2012 cum
1097 1955 1223 2014 Lucano
1239 1953 1404 2013 vlnata:

241 2053 374 2114 libera
402 2053 545 2114 fortunae
581 2071 683 2114 mors
723 2061 820 2128 est“;
861 2055 973 2130 quibus
1011 2056 1204 2115 insolentius
1238 2064 1288 2115 est
1319 2055 1401 2115 illud

245 2156 402 2217 Ammiani
425 2154 517 2216 Marc.
541 2155 605 2215 XX.
630 2159 659 2227 8,
685 2161 719 2219 9:
749 2158 913 2227 „libero
936 2158 1125 2234 pectoris
1148 2176 1272 2228 muro,
1296 2163 1330 2218 ut
1353 2159 1403 2217 ita

242 2258 394 2328 dixerim,
419 2264 557 2331 septus“
581 2259 619 2317 el.
642 2261 778 2320 Lactant.
802 2259 841 2319 M.
858 2260 981 2320 Perseo.
1003 2261 1053 2329 ll,
1070 2262 1104 2320 3:
1137 2261 1229 2334 quasi
1259 2261 1299 2321 ad
1329 2260 1399 2318 de-

241 2367 377 2420 votam
398 2365 580 2431 mortem,
614 2381 677 2423 non
700 2363 740 2422 ad
762 2363 919 2437 proelium
941 2363 1152 2434 venissent“;
1183 2363 1290 2422 verbis
1315 2363 1398 2422 rui-

241 2463 306 2523 nis
329 2463 510 2540 fatigare
532 2471 638 2524 autem
661 2464 780 2525 similia
803 2467 953 2540 posuisse
978 2464 1112 2525 Statium
1131 2465 1227 2526 Theb.
1252 2465 1302 2524 lx.
1319 2465 1398 2525 280:

241 2564 359 2626 Mille
389 2565 517 2627 modis
555 2567 632 2628 leti
667 2568 837 2627 miseros
867 2584 950 2627 mors
979 2584 1041 2627 una
1069 2567 1248 2644 fatigat“
1285 2574 1317 2627 et
1346 2568 1396 2627 Jo-

243 2669 378 2743 sepbum
400 2668 613 2730 1se.vl.tta:
637 2670 725 2730 mille
749 2669 825 2729 licet
848 2674 966 2729 mortes
988 2669 1063 2729 hinc
1086 2669 1160 2729 inde
1185 2670 1395 2746 fatigent.“

241 2772 320 2830 233:
344 2770 529 2845 duplicique
551 2771 703 2848 fatigat
725 2772 1006 2831 Morteanimam.“
1031 2773 1109 2831 253:
1134 2771 1288 2832 fulmineo
1302 2771 1395 2845 Phry-

241 2873 313 2948 gios
337 2886 486 2931 mucrone
507 2871 675 2947 fatigans.“
720 2873 869 2933 Ruinas
901 2873 1029 2946 quidem
1059 2873 1124 2933 dici
1155 2874 1262 2934 clades
1287 2873 1397 2934 docuit

240 2972 387 3032 Barthius
411 2969 486 3032 Stat.
511 2972 606 3033 Theb.
630 2973 679 3033 Ill.
706 2977 744 3033 43
782 2975 898 3047 pdb2.
944 2974 999 3034 Sil.
1024 2975 1073 3035 ΙΙΙ.
1098 2977 1174 3036 aad:
1214 2975 1397 3050 caedesque

151 3067 153 3072 ’
241 3073 342 3134 virum
364 3089 615 3150 magnaeque
646 3077 791 3136 ruinae
821 3074 908 3135 ldaei
931 3077 1068 3152 generis.
1113 3077 1163 3136 Vl.
1188 3078 1247 3138 29:
1284 3093 1398 3154 magna

240 3192 376 3253 pugnam
400 3173 552 3235 inclinare
574 3177 673 3238 ruina.
720 3177 862 3238 Sarbieu
887 3177 935 3236 IV.
961 3178 979 3236 l
1002 3194 1034 3252 p.
1052 3182 1126 3242 145:
1150 3180 1208 3240 Pro
1232 3180 1397 3255 quantis

241 3312 282 3324 -
306 3275 477 3337 Moldavici
498 3278 583 3354 tegis
607 3296 682 3338 arva
705 3280 807 3354 campi
832 3281 983 3342 Thracum
1008 3283 1173 3342 ruinis.“

736 3482 903 3581 XXVssi.

327 3657 373 3718 Ne
394 3655 557 3717 bleinelcio
581 3657 708 3732 quidem
732 3659 764 3719 in
789 3659 925 3720 carmine
949 3659 969 3719 l.
997 3661 1046 3731 31,
1072 3666 1106 3722 5:

478 3775 560 3835 Non
582 3781 807 3837 aestuosae
830 3782 912 3857 gruta
936 3780 1151 3841 Calabriae

476 3880 663 3940 Armenta

241 4000 376 4078 contigit
398 4005 433 4060 ut
458 3999 542 4076 quod
563 3996 632 4068 jure
655 3998 885 4073 reprehensum
908 4017 1006 4073 pravo
1030 4006 1144 4061 conatu
1158 3997 1393 4074 Peerlkampius

241 4103 279 4163 ad
303 4105 384 4164 hanc
407 4102 537 4162 lormam
560 4100 750 4162 deduxerat:
775 4097 907 4170 Graia,
931 4101 1141 4176 probabiliter
1158 4106 1320 4177 repararet
1334 4100 1394 4159 boc

117 4251 122 4256 .
241 4203 389 4264 invento:
422 4204 523 4275 lata,
547 4204 631 4280 quod
653 4201 806 4264 Lehrsius
830 4217 906 4260 casu
928 4199 1036 4276 aliquo
1061 4201 1109 4272 id,
1142 4204 1226 4278 quod
1249 4201 1393 4262 Horatius

242 4313 408 4382 posuerat,
433 4306 616 4366 abolevisse
642 4305 789 4382 opinatus
820 4303 881 4364 hoc
912 4302 1005 4362 modo
1031 4303 1091 4364 sibi
1118 4305 1206 4363 visus
1232 4309 1279 4362 est
1304 4299 1392 4378 lel
