3026 4988
781 353 846 426 132

239 543 335 614 atque
364 534 397 595 in
427 529 538 593 Sinide
560 530 609 589 Vl.
640 544 671 603 p.
697 525 771 610 118)
804 533 835 588 ct
866 525 948 599 apud
979 530 1054 584 vett.
1085 524 1184 600 intpp.
1207 523 1296 600 Virg.
1318 525 1391 582 Aen.

239 638 304 699 Vll.
317 639 378 698 606
404 632 505 717 (Valg.
529 651 558 708 p.
576 628 650 714 353)
678 647 785 690 verum
809 635 873 697 est,
898 626 982 701 quod
1006 626 1037 685 in
1062 626 1134 701 ipso
1158 625 1271 686 codice
1294 630 1393 684 extat:

239 742 363 802 Nicae
386 739 423 798 ci.
438 735 525 796 Gust.
537 732 641 794 Wolff.
664 734 762 794 Rhen.
782 728 985 792 Mus.x1x.2
1009 733 1041 787 et
1064 727 1252 788 Buecheler.
1278 745 1310 803 p.
1324 727 1393 789 639.

740 965 899 1062 txvltt.

328 1146 452 1208 Horatii
474 1143 496 1204 1.
523 1144 572 1212 16,
596 1144 631 1202 i:

753 1259 830 1302 non
854 1247 971 1303 acuta

478 1346 523 1409 sla
545 1345 752 1423 geminant
776 1345 1025 1418 Corybantes
1050 1357 1146 1403 aera

245 1452 433 1518 sententiam
457 1465 531 1510 esse
555 1447 719 1509 docuimus
742 1445 841 1523 Epist.
867 1446 943 1509 Crit.
964 1464 994 1522 p.
1009 1444 1176 1504 Xl-Xlll
1198 1445 1297 1504 hanc:
1332 1443 1397 1504 Non

1481 572 1493 753 l

244 1564 331 1621 tanto
355 1561 408 1616 aut
431 1552 551 1628 Cybele
574 1556 627 1612 aut
652 1550 768 1625 Apollo
798 1554 851 1609 aut
874 1549 1016 1608 Bacchus
1047 1547 1231 1608 sacerdotes
1256 1565 1333 1607 suos
1356 1547 1398 1606 in·
1494 1556 1495 1583 ¹

245 1662 344 1722 citent
366 1656 503 1731 impetu,
533 1670 594 1712 non
618 1656 735 1712 tantam
758 1650 955 1712 audientium
979 1649 1138 1710 mentibus
1161 1651 1226 1709 vim
1249 1649 1399 1709 adhibent
1494 1653 1495 1666 ¹

250 1761 445 1838 Corybantes
470 1769 545 1816 aera
567 1753 782 1831 geminantes,
807 1757 922 1827 quanta
945 1751 1012 1814 irae
1034 1751 1214 1812 tristitia
1238 1752 1311 1811 sive
1334 1751 1398 1810 irri-

246 1864 368 1926 tatione
403 1855 518 1942 (Epist.
550 1855 625 1915 Crit.
657 1873 686 1931 p.
708 1852 771 1914 XII.
801 1854 890 1914 Attal.
921 1853 1011 1928 Prop.
1030 1853 1081 1912 Vl.
1114 1865 1150 1928 pi
1167 1851 1221 1936 ll)
1260 1853 1400 1914 afficiunt

247 1965 408 2029 hominem
430 1957 641 2042 (cirlrrhian.
665 1973 715 2032 ap.
739 1956 880 2017 Eustath.
903 1955 1035 2031 Dionys.
1056 1955 1179 2032 Perieg.
1197 1957 1258 2016 809
1283 1975 1314 2031 p.
1330 1958 1399 2023 256,

250 2072 304 2132 10:
333 2068 502 2149 μαίνονται
524 2061 560 2151 τῇ
577 2052 650 2144 Ῥέᾳ
673 2061 726 2120 καὶ
748 2053 831 2140 πρός
851 2053 1067 2142 Κορυβάντων
1097 2059 1293 2147 καρέχονται.
1340 2059 1399 2130 Dio
1495 2099 1496 2154 ρ

247 2173 356 2247 Chrys.
379 2164 497 2228 Xllllll.
526 2179 556 2238 p.
571 2162 650 2231 682,
680 2163 735 2220 21;
774 2157 808 2223 ἐκ
837 2155 1052 2243 Κορυβάντων
1094 2162 1187 2224 τινῶν
1217 2161 1399 2242 κατέχεσθε.
1495 2157 1496 2162 ’

246 2273 346 2350 Epist.
360 2268 411 2328 Vl.
427 2266 544 2329 Anecd.
562 2264 617 2326 Ox.
640 2278 669 2337 p.
687 2263 757 2333 161,
777 2264 831 2323 rt:
856 2259 1070 2345 Κορυβάντων
1092 2259 1131 2326 ἂν
1153 2257 1401 2345 inaudiditum.

248 2376 358 2451 Synes.
381 2371 422 2430 dc
444 2366 567 2429 Provid.
591 2384 620 2443 p.
637 2365 706 2426 116.
748 2366 790 2425 A:
820 2361 840 2427 ὅ
868 2387 900 2427 τε
928 2361 1103 2448 στρατηγὸς
1130 2361 1249 2449 νύκτωρ
1274 2362 1401 2447 ἔδειμα-

240 2479 343 2541 ,τοῦτο
371 2464 599 2554 Κορυβάντων,
628 2457 736 2548 οἶμαι,
764 2462 1028 2548 προςβαλλόντων
1055 2463 1151 2553 αὐτῷ)
1180 2469 1230 2528 vel
1255 2469 1283 2529 si
1308 2471 1399 2544 Cory-

249 2583 359 2644 bantes
382 2576 519 2636 furorem
544 2570 685 2648 experiri
706 2570 771 2645 ipsi
793 2571 910 2647 magis,
946 2589 1037 2646 quam
1060 2573 1134 2632 aliis
1157 2571 1292 2643 injicere
1316 2571 1399 2631 vide-

249 2688 356 2745 antur:
386 2682 534 2738 nontam
557 2671 704 2732 tristes
734 2671 766 2730 id
796 2678 845 2731 est
867 2672 981 2734 furiosi
1003 2675 1082 2735 fiunt
1105 2676 1318 2751 Corybantes,
1347 2671 1400 2732 nbi

249 2799 325 2846 aera
346 2780 524 2860 geminant,
548 2789 638 2850 quarn
662 2773 771 2833 tristes
786 2781 857 2833 sunt
877 2774 950 2836 irati
965 2777 1138 2837 hominas⁶‘
1162 2775 1247 2846 sive,
1272 2776 1306 2836 id
1320 2775 1400 2850 quod
1496 2767 1497 2792 ³

251 2901 310 2963 per
343 2877 589 2943 Roissonadinrn
619 2876 703 2938 Plan.
733 2875 805 2936 Met.
836 2893 866 2952 p.
892 2877 952 2937 366
986 2885 1018 2938 et
1046 2877 1140 2939 Psell.
1171 2897 1200 2956 p.
1223 2879 1285 2940 292
1316 2878 1400 2945 licet,

251 2989 337 3048 lras
359 2979 467 3067 (deas)
497 2987 529 3040 et
552 2980 616 3041 iras
638 2974 822 3061 (humanas)
844 2979 944 3040 mavis
975 2981 1006 3040 in
1031 2981 1144 3041 eodem
1167 2981 1239 3041 loco
1264 2995 1399 3057 ponere:

255 3105 348 3166 quam
375 3085 485 3146 tristes
515 3087 586 3142 sunt
609 3082 727 3141 lrae.“
777 3080 817 3140 Ut
841 3082 952 3142 horum
974 3098 1123 3142 versuum
1146 3083 1321 3159 descriptio
1345 3082 1400 3142 hnc

252 3191 294 3250 sit
317 3187 440 3249 ratione
464 3181 659 3259 designanda
681 3188 714 3241 et
737 3181 951 3244 conficienda:
973 3203 1035 3246 non
1052 3187 1147 3246 Liber
1169 3199 1318 3261 aeque,
1341 3202 1399 3244 non

251 3295 343 3354 acuta
360 3287 414 3349 Sic
435 3285 597 3364 geminant
613 3285 808 3360 Corybantes
831 3301 923 3357 aera,
947 3288 1066 3348 Tristes
1088 3295 1128 3348 ut
1150 3289 1227 3350 trae.
1252 3317 1294 3332 —-
1317 3288 1399 3348 irae

252 3393 413 3468 Thyesten
436 3386 537 3451 exitio
560 3403 675 3465 graves
694 3386 869 3448 stravere“
894 3390 1398 3460 ο1.Αωυι1ου.Μοοο.Χ1ἸΙ.11,1

254 3491 362 3578 (quem
383 3494 486 3553 locum
509 3505 611 3568 nuper
624 3489 728 3567 Progr.
752 3489 791 3549 ad
815 3491 846 3550 C.
862 3490 946 3552 llorn
971 3494 1035 3570 pl
1058 3493 1329 3578 emendavimus):
1352 3494 1400 3554 his

252 3596 460 3676 congruentia
488 3589 623 3670 plurima
658 3607 788 3668 aeque
823 3599 864 3653 at
899 3594 1108 3657 tintinnabula
1142 3595 1281 3674 principi
1318 3613 1400 3657 reso·

254 3706 398 3762 nantes.“
428 3695 526 3758 Hand.
541 3694 672 3756 Turseli
688 3694 710 3753 l.
734 3713 764 3770 p.
782 3696 840 3756 192
856 3713 902 3771 sq.
929 3696 1023 3773 Seyff.
1041 3699 1105 3759 Cic.
1122 3700 1211 3759 Tusc.
1226 3699 1277 3759 lll.
1298 3701 1350 3770 25,
1365 3703 1399 3762 bl

252 3819 283 3878 p.
299 3802 337 3863 61
361 3800 430 3862 add.
454 3799 530 3861 Stat.
553 3798 648 3858 Theb.
671 3795 722 3856 Vl.
745 3798 822 3858 405:
857 3815 939 3874 quae
967 3807 1120 3861 tantum
1142 3803 1273 3863 carbasa
1296 3810 1401 3879 ponto,

254 3904 341 3977 Quae
370 3904 454 3964 bello
483 3901 545 3963 sic
577 3901 640 3962 tela
668 3896 852 3984 volantl‘Q.
903 3901 1095 3979 Quamquam
1124 3905 1265 3982 priorem
1296 3907 1401 3982 potius

254 4005 436 4081 explicandi
458 4004 613 4066 rationem
627 4001 762 4074 'adjuvat
784 4003 907 4066 Seneca
928 4005 968 4065 de
990 4007 1038 4067 Ira
1060 4007 1081 4066 l.
1101 4008 1136 4067 2:
1159 4008 1293 4084 adspice
1314 4010 1401 4069 nobi-

253 4107 444 4168 lissimarum
467 4105 629 4167 civitatum
652 4104 853 4167 fundamenta
873 4107 930 4168 vix
952 4109 1122 4170 notabilia:
1153 4111 1233 4169 haec
1256 4109 1317 4170 ira
1341 4111 1401 4170 de-

252 4207 363 4280 iecit.
379 4243 420 4254 -
442 4208 581 4285 Adspice
604 4216 651 4270 tot
673 4208 846 4271 memoriae
870 4211 1014 4288 proditos
1036 4213 1134 4273 duces
1157 4211 1232 4272 mali
1256 4213 1403 4290 exempla

255 4309 327 4375 tati:
358 4312 454 4372 alium
484 4314 543 4373 ira
573 4314 604 4374 in
632 4313 729 4376 cubili
759 4331 817 4374 suo
848 4314 1050 4386 confodit,
1081 4315 1177 4376 alium
1208 4313 1292 4374 inter
1316 4333 1402 4376 sacra
