3030 4984
729 303 793 376 ΠΒ

184 488 280 566 spicil
309 494 414 549 autem
443 483 624 544 Marcellum
653 480 907 548 adolescentem,
940 492 1031 552 quem
1061 469 1254 536 destinatum
1276 477 1340 535 Αιι-

152 583 156 588 ’
183 591 269 669 gusti
291 601 509 650 successorem
529 583 651 662 gloriae
677 599 696 643 a
718 583 861 656 patribus
880 584 1032 656 acceptae
1049 595 1132 640 nova
1146 578 1342 640 incrementa

183 696 359 758 additurum
391 707 464 752 esse
496 687 692 752 vaticinatur.
742 685 780 746 Et
803 683 968 745 crescendi
998 682 1125 758 quidem
1147 683 1246 743 verbo
1270 697 1341 742 eam

185 815 275 875 quam
297 793 476 872 significavi
500 794 692 867 potestatem
723 788 832 848 inesse
856 794 888 846 et
910 801 962 846 res
986 785 1059 861 ipsa
1081 790 1114 844 et
1137 785 1261 845 multa
1285 784 1341 844 do-

183 905 255 961 cent
278 897 425 972 exempla
445 894 560 953 velut
583 906 670 967 -qaae
693 889 932 965 Peerlkampius
964 887 1077 948 recitat
1105 886 1265 960 Propertii
1289 886 1341 946 lv.

185 1007 214 1074 t,
239 1002 277 1061 34
302 1005 335 1059 et
357 997 479 1058 Horatii
497 995 546 1054 lll.
563 996 613 1063 30,
630 994 660 1054 8.
705 993 814 1056 Restat
838 998 943 1052 autem
967 989 1051 1065 quod
1074 988 1262 1067 diligentius
1287 1005 1341 1052 ex-

183 1104 303 1184 pendas
332 1099 411 1160 illud
440 1098 603 1158 occulto
634 1111 743 1156 aevo.
795 1095 844 1155 De
873 1111 935 1169 quo
967 1091 1042 1152 vide
1072 1091 1268 1164 Bentlejum,
1300 1091 1341 1152 ad

183 1206 272 1279 cujus
300 1201 547 1278 explicationem
578 1199 678 1258 lraec
713 1201 855 1258 nostra
891 1209 981 1270 quam
1013 1195 1151 1256 maxime
1183 1194 1342 1256 accedit.“

183 1308 313 1370 Scilicet
336 1306 397 1378 hoc
421 1309 469 1362 est
492 1303 599 1363 aliena
621 1299 764 1360 doctrina
788 1297 908 1374 perfrui
931 1303 1027 1372 atque
1051 1302 1179 1373 optare,
1202 1315 1265 1358 non
1285 1297 1341 1357 do·

183 1424 257 1470 cera
280 1413 312 1466 el
335 1404 552 1481 cognitionem
565 1399 897 1476 disceptationemque
910 1400 1098 1474 perquirere
1115 1400 1235 1470 eorum,
1258 1414 1343 1474 quae

184 1508 342 1586 opinando
365 1506 562 1580 protulerunt
585 1501 765 1572 Bentlejus:
799 1501 968 1572 „Marcelli
996 1500 1167 1576 quinquies
1198 1503 1342 1562 consulis

184 1614 248 1673 seri
271 1615 407 1684 nepotes
431 1624 499 1667 cum
526 1606 557 1666 in
582 1603 733 1664 familiam
755 1604 869 1664 iuliam
899 1603 1015 1666 adsciti
1038 1603 1174 1673 luerint,
1203 1603 1256 1665 dat
1278 1603 1341 1664 llo·

191 1715 283 1777 ratius
307 1711 360 1771 hic
384 1713 544 1785 Augusto,
573 1713 607 1766 ut
631 1704 700 1777 ejus
722 1707 835 1768 lamam
859 1681 1064 1780 super'stitem
1088 1705 1237 1767 indies
1261 1707 1342 1766 llo-

178 1797 273 1876 'rere
301 1811 413 1873 dicat‘f
446 1816 477 1869 et
505 1807 794 1870 Mitscherlichius:
830 1809 895 1877 „M
921 1807 1100 1868 Marcellum
1128 1807 1277 1879 juvenem
1301 1841 1343 1854 -

182 1917 266 1978 haud
289 1915 417 1975 dubium
438 1909 575 1987 Augusti
599 1925 818 1972 successorem
840 1943 881 1956 --
904 1909 1047 1971 adsociat
1063 1945 1101 1954 -
1117 1908 1207 1981 cujus
1230 1910 1343 1972 laudes

184 2035 220 2081 ac
242 2019 378 2078 virtutes
402 2013 599 2074 continuo
623 2018 779 2089 augentur
802 2045 842 2056 -
865 2031 945 2073 non
968 2012 1269 2074 animadversis
1296 2014 1343 2073 in·

183 2117 335 2182 crementi
359 2114 554 2192 temporibus
578 2121 610 2174 et
632 2113 850 2175 momentis
875 2114 895 2174 i.
911 2131 939 2174 e.
964 2115 1116 2176 sensim
1138 2121 1170 2174 et
1186 2115 1343 2176 occulte.“

183 2222 270 2292 Quod
301 2228 405 2282 autem
435 2217 660 2287 ‚,Marcellis‚
696 2234 758 2292 quo
788 2216 885 2277 tacite
916 2217 1114 2294 significatur
1146 2216 1240 2278 etiam
1264 2215 1343 2278 Mar·

184 2325 284 2385 cellas
307 2321 515 2388 adolescens,
540 2319 703 2396 eleganter
725 2319 872 2378 dictum“
897 2320 955 2390 iis,
992 2335 1071 2395 quos
1094 2319 1272 2388 nominavi,
1296 2319 1330 2378 vi

184 2427 289 2487 detur:
322 2423 397 2499 quid
420 2421 522 2499 magis
547 2427 684 2498 pugnat,
715 2437 808 2496 quum
838 2421 1056 2482 Marcellorum
1090 2422 1225 2482 famam
1259 2435 1343 2480 ser-

184 2543 295 2588 mone
339 2525 541 2585 hominum
580 2529 775 2584 crescentem
815 2524 990 2600 comparari
1034 2521 1138 2586 arbori
1180 2523 1343 2583 occulto

185 2629 255 2688 sive
285 2644 366 2688 aevo
396 2627 482 2695 sive,
517 2632 551 2686 ut
580 2625 667 2694 ajunt
695 2624 846 2685 lleinsius
872 2631 903 2685 et
932 2625 1150 2687 Wakefieldus
1172 2628 1295 2688 Lucret.
1319 2623 1342 2684 1.

186 2731 246 2792 315
277 2732 380 2806 pil,
410 2746 486 2789 arvo
518 2723 699 2788 crescenti?
730 2727 807 2802 quid
840 2726 996 2798 alienius,
1029 2744 1121 2804 quam
1153 2744 1242 2806 spem
1275 2744 1342 2788 sur-

185 2832 290 2910 gentis
313 2831 472 2899 Marcelli,
496 2831 527 2890 in
552 2847 614 2904 quo
635 2827 698 2900 jam
719 2835 809 2889 certa
831 2835 863 2888 et
887 2829 1061 2890 deformata
1083 2831 1233 2890 virtutum
1247 2829 1343 2890 docu-

185 2940 290 2993 menta
310 2937 517 3009 apparerent,
547 2931 683 2991 conferri
707 2932 747 2991 ad
770 2931 1105 3007 amplificandam
1128 2933 1265 2994 lamam
1288 2947 1342 2991 ve-

184 3035 263 3094 teris
287 3029 451 3094 Marcelli?
497 3032 594 3102 Quam
618 3048 726 3108 spem,
751 3033 780 3092 si
804 3033 880 3108 quid
902 3033 965 3093 mei
987 3033 1100 3104 judicii
1124 3040 1189 3104 est,
1214 3035 1341 3096 ostendi

186 3137 327 3211 oportuit
356 3141 409 3195 aut
441 3135 502 3204 ita,
539 3142 573 3194 ut
602 3133 743 3194 Marcelli
774 3137 895 3196 veteris
923 3138 1025 3198 virtus
1059 3137 1219 3199 diceretur
1250 3138 1343 3213 quasi

187 3237 340 3314 quaedam
368 3238 461 3296 arbor
489 3238 613 3296 occulto
643 3250 725 3298 aevo
748 3236 932 3299 adolevisse
962 3246 1058 3316 atque
1081 3239 1114 3300 in
1138 3239 1342 3318 singularem,

187 3356 267 3416 quae
299 3339 329 3400 in
354 3338 523 3410 Marcello,
557 3340 660 3399 tuturo
689 3339 825 3416 Augusti
854 3357 1058 3412 successore,
1097 3343 1215 3413 eluxit,
1252 3358 1341 3418 prae

186 3443 332 3504 stantiam
368 3440 573 3511 excrevisse,
609 3434 671 3502 arrt'
693 3442 752 3511 ita,
789 3449 823 3502 ut
850 3441 999 3514 juvenem
1037 3445 1251 3516 „immensum
1281 3460 1342 3521 spe

185 3547 300 3606 tollere
322 3553 429 3606 avos“
453 3541 643 3625 (Virg.Ae-n.
657 3543 705 3604 Vl.
720 3540 796 3626 art)
821 3545 853 3605 id
876 3552 926 3606 ast
950 3546 1105 3624 „erigere
1128 3547 1235 3624 gentis
1260 3547 1361 3609 anti-'

124 3702 126 3707 .
186 3646 365 3723 quitatem“
390 3641 509 3727 (Serv.)
531 3645 599 3704 lere
620 3647 682 3706 lroc
695 3647 789 3708 modo
805 3647 1054 3726 significaretur:
1079 3649 1200 3710 Crescit
1214 3650 1359 3710 occulto'

186 3750 275 3809 velut
302 3750 395 3808 arbor
428 3763 509 3807 aevo
539 3746 709 3807 Stemma
746 3748 905 3810 Marcelli
935 3746 1190 3832 (Marcellum)“
1229 3750 1259 3812 id
1291 3757 1342 3812 est

188 3849 365 3923 „nobilitas
400 3849 618 3910 Marcellorum
654 3850 798 3910 crescit“
828 3852 945 3930 (Barth.
969 3853 1045 3916 Stat.
1070 3851 1148 3913 Silv.
1172 3852 1221 3912 lV.
1245 3853 1276 3924 o,
1299 3852 1342 3913 88

186 3973 213 4031 p.
231 3955 301 4014 405.
325 3951 419 4014 Rutil.
443 3953 477 4011 lt.
502 3953 522 4011 l.
549 3953 625 4014 lou:
659 3951 717 4023 Qui
738 3952 884 4015 Volusi
917 3955 1047 4031 antiquo
1072 3955 1196 4016 derivat
1219 3961 1340 4016 stem·

186 4060 286 4116 mate
301 4063 448 4114 nomen.“
470 4037 668 4115 Juven‘Vlll.
685 4055 740 4114 lo:
764 4061 866 4118 tumes
889 4057 954 4119 alto
977 4059 1193 4119 Drusorum
1217 4062 1340 4118 stem-

185 4163 318 4216 mate.“
340 4158 458 4216 Auson.
484 4157 566 4218 Gret.
589 4158 657 4217 Act.
676 4158 729 4218 ll:
765 4173 824 4219 nec
852 4159 1021 4222 deductum
1050 4160 1088 4220 ab
1112 4159 1262 4220 heroibus
1285 4174 1341 4236 ge-

186 4276 245 4319 nus
267 4259 307 4318 ad
329 4259 492 4318 deorum
516 4267 681 4320 stenima
704 4259 860 4337 replicare
871 4261 913 4340 ⁸⁴).
