3052 4996
798 313 841 383 511

242 491 325 551 dian.
354 491 400 550 rr.
432 491 463 549 C.
494 489 562 548 Stil.
585 489 620 547 ll.
652 487 725 546 230.
762 487 888 546 solitam
917 487 1033 546 rubro
1071 487 1194 547 radiare
1232 487 1329 548 mari
1360 490 1394 548 L.

243 591 349 652 Seren.
374 593 401 650 3.
439 607 534 650 canos
559 589 700 658 cineres,
732 605 811 681 qrros
842 587 958 647 Setia
986 589 1188 650 restinxit
1214 590 1291 649 Stat.
1314 588 1394 649 Silv.

242 695 276 753 ll.
299 695 328 763 6,
353 696 402 754 911.
426 693 562 752 accisam
585 689 755 748 Nemeen
779 691 988 764 umbrosaque
1012 691 1158 766 Tempe
1183 689 1394 766 praecipitata

242 797 311 855 solo
338 796 435 855 Theb,
458 793 509 850 Vl.
534 792 582 850 att.
629 790 849 866 Rhodopen
873 791 904 850 in
928 791 1027 852 undas
1050 791 1296 853 descendentem
1323 793 1393 852 195.
1511 877 1512 880 ¹

243 897 428 966 arundinem
457 893 623 953 Herculeis
654 893 767 952 vadis
797 893 942 952 imbutam
972 893 1101 968 loseph.
1133 895 1231 954 lscan.
1254 893 1304 953 Vl.
1329 894 1391 954 333

241 1007 377 1072 atquae
401 996 554 1056 addentur
577 995 608 1053 in
632 993 778 1052 Eruendd.
802 994 891 1069 Prop.
915 994 950 1053 ll.
976 997 1001 1054 1.
1026 995 1063 1053 cf.
1089 996 1190 1054 Burni.
1215 995 1298 1054 Grat.
1316 995 1391 1070 Cyn.

242 1098 438 1174 31111213.
1153 1101 1157 1109 '

321 1200 457 1262 Eosdem
472 1231 513 1240 —-
530 1197 605 1256 licet
625 1204 729 1258 autem
749 1197 913 1256 Lchrsium
938 1212 966 1270 p.
982 1197 1047 1257 LtV
1071 1195 1211 1268 adjicere
1226 1232 1267 1242 —
1283 1197 1391 1258 immo·

239 1302 327 1361 dicos
356 1301 388 1361 in
411 1317 491 1360 voce
519 1299 699 1360 modicis
729 1299 991 1372 reprehendenda
1019 1300 1130 1360 mirum
1161 1308 1210 1360 est
1235 1301 1391 1361 11661110-

238 1404 338 1463 medis
361 1403 529 1462 memoria:
559 1401 709 1460 modice
740 1400 851 1490 ductos
882 1415 954 1460 esse
978 1400 1018 1460 od
1042 1416 1110 1459 eam
1139 1401 1320 1476 explicandi
1344 1420 1392 1461 ra-

237 1506 373 1574 tionem,
411 1521 503 1578 quam
522 1501 716 1576 suppeditat
745 1500 899 1561 Martialis
928 1503 1103 1563 Domitiani
1141 1504 1390 1564 moderationem

238 1607 288 1667 tris
310 1607 440 1666 laudans
463 1605 512 1665 IV.
533 1607 561 1673 3,
580 1606 631 1665 10:
656 1605 844 1680 Ingentique
868 1609 955 1662 tenet
979 1607 1091 1680 pocula
1115 1623 1235 1682 parca
1257 1614 1391 1675 manu“,

239 1726 297 1770 nec
321 1725 359 1769 eo
385 1709 580 1784 profecisse,
612 1712 644 1766 ut
668 1706 806 1783 intelligi
838 1707 957 1767 vellent
988 1709 1155 1770 cantharas
1178 1710 1280 1770 minus
1305 1712 1390 1770 lau-

238 1820 301 1871 tos
325 1825 429 1884 neque
453 1825 598 1869 aureos
625 1806 728 1886 (Apul.
756 1808 827 1866 ltlet.
852 1808 900 1887 ll.v
917 1826 945 1884 p.
972 1809 1066 1878 1031,
1096 1811 1242 1883 qualibus
1267 1817 1391 1871 constat

239 1931 316 1973 usos
332 1929 404 1972 esse
422 1912 601 1976 modicos
625 1911 737 1970 cives
754 1907 924 1992 (Schwarz.
940 1911 1016 1970 Plin.
1029 1903 1100 1972 Pan.
1115 1914 1154 1972 83
1175 1915 1286 1988 11130.
1306 1915 1391 1974 Cort.

238 2018 350 2076 Lucan.
362 2015 426 2074 Vll.
440 2016 501 2074 261
519 2030 547 2088 p.
562 2013 635 2094 133)
650 2014 687 2072 cl.
701 2013 775 2073 Stat.
790 2013 866 2073 Situ.
880 2013 914 2072 V.
933 2016 959 2083 1,
974 2015 1049 2074 rat:
1074 2015 1146 2088 Ipsa
1161 2015 1288 2088 dapes
1312 2033 1391 2076 rno-

236 2116 350 2176 dicas
375 2123 406 2175 et
429 2117 536 2176 sobria
555 2117 669 2190 pocula
683 2115 777 2175 tradit
792 2151 825 2159 -
845 2115 959 2186 conjux
974 2115 1144 2194 Agricolae
1160 2119 1247 2190 parci
1261 2127 1280 2151 “
1315 2118 1390 2179 Hor.

236 2219 335 2292 Epist.
360 2216 380 2277 l.
403 2223 430 2286 5,
455 2220 488 2278 2:
513 2217 866 2292 modica-patella.
907 2217 1132 2278 AmlaSedul.
1157 2221 1250 2294 1126.
1286 2223 1393 2296 Aqua

236 2319 395 2380 sententia
425 2335 460 2378 se
484 2338 545 2379 non
569 2321 739 2380 abhorrere
764 2319 953 2390 l'euffelius,
988 2321 1036 2379 vir
1059 2321 1182 2397 ingenii
1211 2323 1391 2383 subtilitate

237 2424 383 2500 insignis,
406 2422 586 2498 nuperrime
610 2419 701 2504 (llus.
716 2424 815 2483 Rhen.
835 2421 930 2506 1311)
954 2423 1118 2497 professus
1143 2430 1200 2483 est.
1244 2423 1309 2484 Nec
1326 2423 1391 2496 jam

236 2525 322 2585 aliud
351 2543 409 2586 nos
442 2526 640 2599 quaerimus:
672 2543 743 2584 narn
772 2543 832 2588 non
864 2541 979 2601 anceps
1010 2525 1102 2584 modo
1134 2532 1165 2584 et
1194 2527 1317 2587 lubrica
1340 2533 1390 2586 est

236 2627 424 2698 conjectatio
459 2625 526 2698 ejus
551 2627 712 2696 vocabuli,
744 2627 882 2701 quadiu
907 2634 1052 2703 promptu
1075 2629 1167 2691 nobis
1197 2629 1256 2688 fuit
1280 2629 1390 2690 inven-

235 2736 297 2790 tum
315 2731 347 2790 in
363 2731 561 2811 Varronis
585 2729 688 2790 Satira
709 2733 783 2811 περὶ
797 2731 900 2810 μέθης
921 2746 950 2803 p.
966 2731 1042 2789 273:
1078 2731 1173 2790 Dolia
1195 2738 1290 2806 atque
1314 2748 1389 2805 apo·

229 2834 343 2893 thecas
366 2832 568 2902 tricliniares,
593 2833 758 2892 melicas
783 2833 930 2901 Calenus,
956 2834 1053 2892 obbas
1078 2842 1109 2892 et
1133 2835 1288 2897 Curnanos
1313 2835 1388 2895 cali-

185 3001 191 3018 ,
235 2944 326 3003 ces“,
354 2934 410 2993 sed
439 2949 537 3006 prava
571 2941 666 3010 atque
696 2935 835 3004 inutilis,
871 2933 899 2993 si
929 2951 1005 2994 vere
1041 2935 1131 2996 nobis
1171 2936 1389 3013 persuasimus

234 3039 375 3112 obrutam
405 3037 457 3096 hic
488 3053 559 3096 esse
592 3053 701 3098 vocem
730 3039 898 3115 lagenas
923 3033 976 3119 (cl.
1000 3040 1182 3100 calones:
1206 3042 1388 3100 Lacones

69 3200 72 3208 ,
185 3163 188 3166 ·
234 3139 772 3223 auc.F1·0ntin.tV.1‚cpraa),
803 3142 985 3202 universum
1016 3142 1119 3202 locum
1143 3149 1247 3204 autem
1270 3143 1318 3203 sic
1342 3160 1387 3202 re-

233 3241 495 3303 concinnandum:
530 3243 704 3317 apothecas
741 3243 948 3304 tricliniares:
993 3245 1179 3306 Creticae
1216 3246 1387 3322 lagenas

234 3341 351 3426 (Schol.
364 3345 504 3406 Juvenal.
515 3344 590 3402 XlV.
604 3347 641 3404 at
663 3365 692 3422 p.
708 3347 778 3407 531.
814 3345 1058 3406 tremeciati.
1074 3348 1090 3406 3
1108 3364 1136 3421 p.
1155 3350 1203 3408 11.
1227 3351 1244 3408 9
1258 3363 1289 3421 p.
1300 3346 1386 3432 103),

232 3447 404 3507 Calenas
429 3449 526 3508 obbas
551 3455 582 3508 et
607 3450 761 3510 Cumanos
785 3449 936 3510 calices.“

739 3667 879 3762 xxtx.

313 3841 546 3915 Ejusdemmodi
571 3844 673 3902 locum
698 3843 886 3901 subnectere
909 3842 985 3902 licet
1009 3843 1092 3922 hunc
1115 3843 1165 3901 tv.
1190 3843 1219 3910 4,
1245 3845 1299 3904 ¹5:

442 3963 662 4032 Qualemve
686 3960 813 4022 laetis
836 3978 981 4038 caprea
1005 3962 1173 4038 pascuis

362 4123 364 4128 ,
444 4070 606 4126 tntenta
630 4064 933 4134 fulvaernatris
957 4067 1001 4124 ab
1024 4067 1145 4126 ubere

505 4168 584 4226 lam
608 4168 682 4228 lucto
705 4167 917 4242 depulsum
940 4169 1098 4228 leonem

542 4270 674 4336 ,Dente
698 4258 802 4330 nouo
825 4271 1013 4346 peritura
1036 4269 1153 4355 vidit.
