3026 4988
684 331 726 400 te

122 505 208 564 lius
232 504 305 564 istis
320 503 439 563 viribus
453 501 542 564 Nova
556 519 653 580 regne
665 537 705 548 -
717 508 883 579 oppetes.“
917 500 1075 585 (Sarbiev.
1091 506 1158 581 Lyr.
1175 503 1223 563 w.
1240 504 1278 566 12

121 626 152 683 p.
170 607 240 668 tet.
254 605 343 682 Epod
364 605 443 665 Vlll.
458 624 485 682 p.
504 603 580 689 tet)
594 605 694 682 etqui
713 605 850 682 potius
867 603 1015 675 itedixit
1030 603 1143 666 Silium
1154 606 1190 666 ll.
1207 607 1278 668 ete.

122 709 202 770 Cum
242 707 299 769 illo
332 713 436 768 autem
459 724 555 768 versu
577 707 627 767 lll.
652 709 681 776 1,
705 708 759 768 34:
792 706 919 767 lactis
950 707 987 769 in
1017 709 1140 769 altum
1162 708 1278 770 moli-

120 814 222 873 bus“
253 828 315 871 non
350 810 452 871 solum
481 808 635 870 Senecam
664 809 792 886 Thyest.
816 809 894 872 lte:
931 815 1016 871 retro
1048 827 1135 873 mare
1166 811 1280 872 lacte

121 914 268 990 lugemus
291 913 424 973 mole“
458 911 700 973 eBroulrhusio
730 912 796 973 Tib.
819 911 855 972 ll.
888 914 917 982 b,
941 912 981 973 21
1011 931 1040 990 p.
1055 913 1115 973 281
1149 920 1181 974 et
1210 913 1278 974 ntit-

122 1014 321 1076 scberliclrio
345 1014 631 1090 Peerlkampioque
654 1031 684 1090 p.
700 1013 761 1074 227
783 1015 933 1075 contendi
947 1021 1148 1092 oportuerat,
1171 1031 1279 1078 verum

123 1117 223 1178 etiem
249 1122 280 1176 et
302 1114 522 1193 Hegesippum
544 1115 595 1174 lll.
619 1114 672 1175 11:
703 1113 833 1186 jactis
856 1113 889 1176 in
913 1116 994 1177 treta
1015 1117 1216 1178 molibus‘·
1248 1124 1279 1178 et

123 1218 266 1280 Curtium
298 1218 346 1278 lV.
383 1221 429 1288 15,
468 1219 525 1280 21:
565 1218 776 1292 molemque
805 1233 825 1277 e
853 1216 1078 1279 Macedonibus
1115 1219 1155 1280 in
1189 1222 1278 1282 selo

119 1319 309 1392 jactam“,
346 1337 409 1395 quo
439 1320 486 1380 uti
521 1318 601 1396 fugit
631 1316 819 1394 Seyffertum
854 1336 904 1396 ep.
935 1319 1092 1382 blnetzell.
1125 1325 1204 1383 Actt.
1240 1323 1280 1384 ad

122 1438 229 1500 gymn.
253 1428 334 1498 pert.
360 1422 439 1482 leet
471 1440 500 1498 p.
518 1421 579 1483 580
609 1421 792 1482 erbitratum
820 1421 938 1482 rectius
969 1423 1081 1484 scribi:
1113 1422 1207 1495 jactis
1239 1425 1277 1485 in

124 1526 211 1586 alto
236 1522 404 1585 molibus.“
450 1523 510 1594 Qui
534 1523 617 1584 idem
641 1523 867 1594 interpretetus
885 1523 1016 1585 hicdici
1040 1527 1279 1602 frequentes

124 1627 407 1703 redemptores
429 1625 567 1686 rectiore
589 1625 714 1690 ducitur
735 1623 874 1696 judicio,
899 1643 992 1702 quem
1012 1627 1162 1689 Lehrsius
1185 1627 1278 1700 hujus

124 1727 296 1789 commenti
319 1734 428 1788 auctor
451 1745 479 1804 p.
503 1727 613 1787 XCIV:
650 1727 710 1787 buc
732 1728 899 1788 vehens.
955 1728 1022 1799 Quo
1046 1729 1223 1792 mirabilius
1248 1738 1279 1792 et

125 1829 267 1891 elatine
296 1828 527 1889 consuetudine
557 1809 695 1890 alienius
725 1829 860 1905 proferri
889 1829 969 1890 nihil
1000 1831 1113 1906 potuit.
1157 1834 1223 1894 lem
1248 1833 1303 1894 in'

125 1951 218 1994 carm.
243 1931 265 1990 Ι.
289 1934 318 2001 l,
344 1933 382 1992 ll
407 1930 482 2007 quid
505 1930 678 1991 Marcilium
701 1938 793 2007 putas
817 1949 963 1992 ausurum
985 1932 1103 2004 luisse,
1127 1935 1156 1994 si
1171 1935 1278 2012 cogni-

125 2043 191 2097 tum
214 2035 382 2096 habuisset
395 2034 537 2095 Frontini
559 2034 663 2095 locum
686 2034 727 2093 de
743 2034 882 2111 Aqueed.
907 2053 936 2110 p.
956 2035 1025 2096 tte.
1062 2034 1173 2098 Stew.:
1196 2037 1279 2099 Anio

126 2135 299 2215 purissimo
323 2135 466 2196 defluens
489 2135 559 2196 lacu
581 2135 805 2202 mobilibus
836 2141 940 2195 tamen
964 2135 1151 2198 cedentibus
1166 2138 1279 2216 'ripis

126 2241 231 2301 euicrt
254 2238 376 2314 aliquid
401 2255 462 2314 qno
486 2239 644 2307 turbetur,
675 2238 857 2315 priusquam
879 2237 1029 2299 deveniet
1051 2237 1090 2299 in
1113 2237 1280 2301 rivos?“

126 2341 190 2402 Sed
222 2345 416 2400 revertamur
449 2339 488 2400 ad
523 2338 628 2415 ipsum
663 2340 796 2416 primum
830 2355 970 2409 carmen,
1009 2355 1091 2416 qnee
1125 2339 1281 2413 ejusmodi

125 2448 298 2521 supersunt
320 2441 429 2518 plura,
452 2441 606 2519 deinceps
630 2441 791 2504 tractaturi
814 2440 922 2518 potius
946 2458 1037 2517 quem
1061 2442 1238 2506 indicaturi.
1363 2479 1366 2484 ·

661 2675 755 2776 xtt

211 2851 346 2914 Versum
370 2854 390 2911 Ι.
419 2855 445 2922 l,
470 2853 527 2911 35:

343 2954 493 3026 Quodsi
517 2971 575 3016 me
597 2955 749 3031 lyricis
773 2955 939 3018 vatibus
963 2954 1068 3020 loceris

126 3061 303 3121 tollendum
333 3059 474 3128 censuit,
509 3073 549 3118 ne
579 3057 655 3133 quid
686 3057 726 3117 de
756 3057 790 3118 G.
816 3057 993 3120 llennenno
1024 3059 1142 3129 dicem,
1179 3060 1282 3121 Peerl-

126 3163 285 3240 lampius.
331 3161 391 3233 Qui
414 3179 474 3222 non
500 3162 617 3238 magis,
652 3177 744 3236 quem
767 3154 905 3221 Orellius
928 3168 960 3221 et
982 3162 1134 3223 Lehrsius
1158 3178 1281 3224 omnes-

127 3284 207 3345 que,
244 3266 299 3341 qui
330 3281 423 3325 secus
460 3271 651 3335 statuerunt,
689 3266 887 3342 exploratum
917 3265 1026 3326 hebuit
1063 3267 1143 3326 baec
1174 3271 1283 3327 extare

127 3369 249 3446 scripte
277 3370 315 3429 eb
338 3367 481 3429 Ausonio
509 3367 552 3427 ld.
577 3367 655 3427 Vlll.
685 3368 802 3428 Precet.
829 3366 885 3428 51:
921 3364 1012 3427 Illum
1041 3366 1076 3427 si
1105 3383 1282 3437 cernam,

127 3480 192 3534 tmn
229 3477 344 3546 terque
380 3476 555 3546 quaterque
590 3472 702 3531 beatus
731 3505 772 3516 -
801 3471 886 3530 lunc
921 3476 1082 3547 tangam
1125 3469 1284 3530 vertice

129 3576 313 3637 coelum“
336 3570 389 3654 (cl.
411 3573 518 3650 Epigr.
532 3572 581 3634 tlt.
596 3576 630 3635 b:
661 3570 814 3644 Quodsi
837 3573 909 3650 lege
933 3571 1028 3634 meris
1052 3572 1188 3633 relluens
1204 3571 1284 3632 mihi

129 3682 271 3740 curreret
301 3675 418 3744 amnis,
455 3674 522 3736 lluc
550 3691 679 3752 possem
709 3675 813 3736 victos
851 3674 925 3736 inde
957 3674 1076 3734 referre
1109 3671 1283 3757 Gothos“).

129 3779 220 3840 Unde
251 3778 314 3838 hoc
344 3792 471 3852 quoque
495 3777 629 3855 emergit
652 3793 762 3838 verum
785 3793 875 3845 esse,
908 3777 992 3854 quod
1015 3783 1047 3836 et
1069 3775 1283 3853 Venderburg.

130 3889 266 3960 quatuor
295 3879 424 3940 codices
460 3881 611 3954 praebent
640 3887 673 3940 et
702 3888 830 3958 praeter
859 3879 941 3940 alios
970 3878 1104 3939 Wolfius
1136 3878 1225 3939 Anal.
1249 3876 1283 3938 ll.

131 4003 159 4060 p·
176 3985 238 4045 265
270 3988 333 4043 not.
351 3983 378 4041 2.
424 3980 605 4043 llnscltlrius
628 3985 717 4045 Anel.
741 3983 806 4045 Tib.
831 4001 860 4060 p.
877 3983 956 4051 711,
984 3981 1134 4050 Botbius,
1165 3979 1284 4041 Meine-

130 4088 220 4156 liius,
244 4084 401 4161 llauptius
424 4087 611 4160 probarunt:

347 4185 495 4257 Quodsi
519 4203 577 4246 me
602 4187 749 4264 lyricis
772 4187 936 4248 retibus
961 4185 1096 4247 inseres.

214 4288 254 4354 Et
278 4289 390 4349 Orellii
421 4289 548 4368 quidem
574 4286 812 4352 ¹commentariis
843 4278 994 4350 breviter¹
1009 4287 1145 4352 indicem
1169 4291 1286 4363 quante
