3026 4988
675 333 739 405 tat

125 522 216 597 plura
242 530 433 594 persequar:
464 508 542 570 satis
570 513 618 568 est
639 508 702 566 boc
732 503 909 566 indicasse:
939 519 993 573 ea,
1024 517 1104 578 quae
1125 503 1278 573 dicantur,

125 621 280 700 gradatim
303 629 472 691 assurgere
500 611 539 672 ad
566 625 632 670 rem
656 616 688 668 et
712 606 846 668 maxime
876 605 1052 665 mirabilem
1080 612 1113 664 et
1135 606 1278 679 auspica-

25 739 30 750 ·
125 723 290 784 tissimam.
336 718 402 777 Hoc
427 715 510 774 enim
534 717 680 788 precatur
702 715 815 786 poeta,
844 713 878 767 ut
902 708 1086 790 expiaturus
1116 707 1195 766 deus
1215 706 1277 778 jum

125 826 251 884 tandem
275 820 384 880 veniat
412 816 482 876 sive
513 815 615 876 nube
644 812 833 879 amictus,
863 808 986 884 qualern
1010 814 1040 867 et
1063 809 1216 869 Junonem
1245 809 1277 869 in

127 933 272 1001 tempore
297 921 438 982 adfuisse
461 916 570 977 scribit
590 914 688 975 Silius
712 909 819 994 (quern
841 909 1004 982 Bentlejus
1023 911 1141 981 omisit,
1165 912 1187 970 1.
1200 914 1278 972 550:

125 1027 262 1088 Advolat
286 1025 457 1084 obseura
481 1016 730 1080 circumdata
752 1015 853 1074 nube
881 1029 939 1089 per
961 1029 1053 1074 auras
1082 1014 1119 1074 Et
1142 1012 1278 1074 validam

125 1129 213 1189 duris
237 1125 349 1187 evellit
372 1127 410 1186 ab
435 1123 562 1184 ossibus
584 1122 735 1180 hastam“
761 1115 798 1176 cf.
815 1114 864 1174 iX.
881 1116 952 1175 488.
975 1115 1063 1175 Hom.
1079 1117 1111 1175 ll.
1128 1115 1190 1175 XV.
1205 1117 1279 1175 308.

125 1229 217 1290 XVll.
235 1231 304 1290 551.
329 1227 415 1303 Virg.
428 1227 506 1284 Aen.
519 1223 554 1283 ll,
569 1217 645 1302 651)
662 1225 693 1278 et
708 1233 785 1276 vero
801 1216 904 1292 ipsum
917 1217 1098 1293 Apollinem
1119 1218 1179 1287 „in
1192 1218 1279 1278 bello

125 1333 257 1393 Actiaco
279 1330 435 1390 fautorem
458 1325 638 1386 habuisse“
667 1321 829 1397 Augustus
860 1319 948 1378 visus
979 1325 1028 1378 est
1058 1315 1186 1400 (Acron.
1211 1320 1279 1382 cod.

125 1433 223 1495 Paris.
253 1450 284 1508 p.
309 1431 363 1500 10,
393 1431 442 1489 25.
487 1426 637 1499 Porphyr.
668 1438 698 1496 p.
722 1423 771 1490 ta,
799 1422 844 1482 ll.
889 1420 1032 1481 Wernsd.
1055 1421 1086 1482 P.
1110 1425 1143 1485 L.
1166 1419 1204 1480 M.
1228 1420 1277 1481 Ill.

124 1556 155 1612 p.
182 1535 243 1596 503
267 1551 314 1608 sq.
351 1530 420 1591 add.
443 1533 540 1589 nostr.
564 1523 711 1586 Emendd.
735 1523 808 1583 Hor.
832 1523 981 1583 LXXXIV
1011 1522 1105 1605 extr.)
1128 1523 1214 1593 sive,
1245 1523 1279 1584 id

126 1637 209 1713 quod
240 1637 336 1711 longe
365 1628 659 1706 praesentissimum
690 1627 824 1686 babetur
852 1626 1022 1696 auxilium,
1051 1632 1203 1686 mutata
1230 1624 1280 1685 fi·

126 1756 223 1818 gura
249 1716 377 1808 juvenis
408 1735 440 1793 in
468 1731 563 1791 terris
598 1729 653 1788 diu
681 1733 873 1796 moraturus,
908 1725 1036 1797 juvenis
1066 1733 1171 1788 autem
1200 1727 1278 1787 Mer·

127 1842 233 1902 curius
255 1836 346 1913 pacis
367 1841 493 1902 auctor,
515 1838 550 1892 ut
572 1830 709 1891 diximus
730 1828 820 1906 Valg.
842 1847 873 1903 p.
898 1829 967 1890 aaa.
994 1867 996 1872 -

641 2065 767 2161 txttt

211 2262 335 2325 Similis
359 2267 454 2336 atque
476 2258 509 2318 in
533 2257 574 2317 iis
597 2256 694 2325 locis,
718 2273 798 2331 quos
817 2255 910 2315 modo
928 2255 1178 2333 disceptavimus
1201 2255 1280 2340 (1.2,

129 2370 228 2443 lsqq.
254 2367 293 2424 30
309 2360 409 2444 sqq),
441 2360 565 2437 ingenii
588 2357 727 2434 impetus
751 2364 782 2417 et
806 2358 957 2418 materiae
980 2361 1117 2419 cernitur
1135 2361 1157 2418 i.
1179 2362 1227 2431 12,
1245 2365 1281 2423 n:

555 2460 749 2538 gelidove
772 2458 810 2518 in
833 2459 994 2530 Haemo,

300 2565 410 2626 Unde
434 2564 617 2624 vocalem
638 2568 791 2621 temere
815 2559 1065 2637 insequutae

490 2666 648 2741 Orphea
670 2663 821 2732 silvae,

187 2789 189 2796 ’
298 2771 393 2830 Arte
417 2774 595 2828 materna
617 2765 787 2840 rapidos
810 2771 1032 2825 morantem

299 2870 513 2930 Fluminum
536 2870 677 2944 lapsus
701 2867 944 2941 celeresque
968 2875 1116 2928 ventos

299 2971 492 3032 Blandum
525 2975 563 3029 et
586 2970 741 3030 auritas
769 2968 926 3029 fidibus
949 2971 1114 3031 canoris

491 3074 643 3134 Ducere
665 3089 796 3151 quercus.

130 3176 225 3249 cnjus
249 3176 315 3236 loci
338 3175 527 3236 sententiam
550 3175 597 3235 sic
620 3174 739 3235 definio
763 3177 1035 3252 complectorque:
1059 3177 1216 3248 „Constat
1238 3175 1252 3236 f
1271 3213 1282 3225 ·

131 3281 290 3354 bulaeque
313 3276 437 3354 signum
459 3283 564 3337 manet
588 3293 628 3338 ex
650 3277 769 3338 Haemo
799 3279 875 3338 olim
909 3279 1007 3339 silvas
1036 3281 1124 3340 velut
1144 3280 1283 3341 fanatico

131 3382 297 3441 instinctas
322 3395 414 3439 cursu
437 3384 601 3438 canentem
615 3377 773 3454 Orpheum
798 3378 837 3440 ad
853 3381 957 3439 Zonen
980 3396 1083 3455 usque
1097 3382 1282 3458 insequutus

131 3499 214 3546 esse.
259 3481 400 3556 Namque
430 3481 486 3541 ille
514 3487 607 3541 cantu
632 3486 771 3539 amatre
794 3478 881 3540 Mursa
911 3487 1042 3554 accepto
1067 3483 1199 3565 tyroque
1220 3491 1281 3543 tarn

131 3591 246 3660 potens
275 3583 352 3652 fuit,
388 3589 422 3642 ut
451 3601 526 3642 non
556 3583 698 3659 solum,
731 3581 785 3656 qui
815 3589 972 3657 perpetuo
1003 3589 1089 3642 motu
1118 3584 1283 3655 ferrentur,

131 3685 289 3746 fluvios
307 3690 525 3760 ventosque
542 3690 761 3761 compesceret
775 3691 806 3746 et
820 3685 990 3762 frangeret,
1007 3701 1140 3744 verum
1164 3686 1284 3747 etiam

133 3803 325 3864 quereus,
356 3787 470 3861 quibus
493 3787 574 3847 nibil
597 3787 707 3847 durius
732 3793 781 3846 est
810 3793 863 3848 aut
891 3786 1101 3855 immobilius,
1124 3788 1284 3862 toxcitaret

132 3888 402 3966 perfunderetque
426 3889 561 3964 quodum
584 3904 682 3949 sensu
703 3889 939 3950 humanitatis.“
985 3887 1074 3957 Quod
1096 3905 1137 3948 ne
1159 3891 1284 3950 mireris

132 3991 277 4065 pluribus
299 3991 407 4050 verbis
430 3996 558 4066 poetam
581 3991 614 4048 in
638 4006 677 4049 eo
701 3997 941 4059 commoratum,
965 3990 1049 4064 quod
1064 3990 1283 4050 incredibilem

134 4091 288 4168 quandam
319 4096 350 4150 et
380 4104 481 4166 prope
510 4089 704 4166 singularem
735 4099 767 4152 et
795 4092 934 4152 divinam
964 4092 1028 4151 vim
1057 4093 1145 4152 illius
1175 4097 1284 4152 cantus

133 4193 235 4252 fuisse
259 4191 396 4262 diceret,
428 4205 605 4267 congruens
636 4198 702 4252 erat
730 4193 792 4253 hoc
821 4193 986 4254 Horatium
1016 4193 1046 4252 in
1081 4209 1119 4253 eo
1149 4194 1286 4255 carmine

135 4293 309 4364 excedere,
341 4310 403 4368 quo
426 4293 564 4371 priscum
588 4300 619 4353 et
641 4300 783 4354 veterem
814 4295 905 4369 quasi
929 4295 998 4355 ctio
1029 4297 1161 4373 auspice
1186 4292 1228 4380 (v.
1253 4295 1284 4380 2)
