3030 4984
675 315 738 388 148

125 497 191 556 Am.
208 495 259 554 lll.
277 495 307 564 6,
326 495 361 556 ol
391 510 421 568 p.
436 492 496 552 loe
521 497 553 550 ct
576 490 658 550 alter
670 491 864 550 Burmannus
880 488 970 564 Prop.
986 489 1034 548 lV.
1052 491 1100 560 11,
1116 493 1154 552 53
1181 509 1208 568 p.
1222 493 1281 552 tlt

126 613 169 680 ne
189 595 335 656 Senecae
358 593 486 670 quidem
510 608 666 654 memores
687 587 795 670 A‘gain.
814 593 890 652 534:
920 591 933 650 l
939 593 1076 654 lamma
1100 593 1284 670 perstrinxit

127 699 305 760 cadens.“
350 697 457 772 Nuper
480 694 631 754 Lehrsius
662 694 759 754 multa
781 693 822 752 de
845 692 875 752 vi
900 701 932 753 et
955 713 1014 754 usu
1045 695 1133 756 vocis
1165 696 1282 757 cadu-

125 819 194 860 cus
230 815 269 858 ea
299 796 472 873 quaerendi
502 802 534 854 et
563 794 745 854 disserendi
780 795 956 856 subtilitate
992 803 1218 857 commentatus
1253 817 1282 874 p.

127 883 335 970 etl-evil,
359 917 421 976 qua
443 899 475 959 in
499 897 661 966 omnibus,
686 913 893 972 quoscunque
915 898 1095 975 disceptare
1120 900 1282 977 ingressus

126 1014 193 1076 est,
217 1005 300 1065 locis
322 1002 473 1063 utendum
497 1001 527 1060 ei
552 1001 671 1070 lucrat,
702 1015 740 1060 eo
767 1000 917 1074 proiecit,
947 1007 982 1060 ut
1005 1018 1116 1062 omnes
1138 1002 1284 1064 veritatis

104 1123 276 1167 snumeros
312 1105 430 1166 habere
464 1101 681 1178 pronuntiaret
717 1101 906 1172 coru'soo,
947 1119 1007 1162 nec
1036 1104 1118 1164 vidit
1153 1106 1215 1167 sibi
1244 1105 1283 1167 ad

125 1209 369 1285 persuasionem
399 1205 549 1281 apposite
583 1205 645 1264 boc
674 1203 871 1264 edocendum
906 1204 1026 1274 luisse,
1066 1223 1128 1281 quo
1158 1208 1282 1269 taudem

124 1311 211 1372 ducti
236 1307 372 1370 consilio
403 1307 526 1366 librarii
557 1322 613 1380 pro
643 1305 882 1376 „usitatissimo
913 1305 1063 1382 epitheto
1081 1308 1214 1368 altemm
1237 1311 1282 1370 in·

124 1413 296 1474 auditum“
320 1409 495 1485 sumpsisse
522 1408 711 1468 viderentur.
764 1406 844 1478 Quid
868 1409 966 1486 igitur
994 1407 1105 1470 mirum
1128 1429 1190 1471 uon
1214 1430 1282 1472 suc-

124 1515 263 1576 currisse
294 1513 342 1583 ei,
374 1511 458 1586 quod
488 1511 518 1570 in
552 1510 704 1585 expedito
736 1511 873 1584 positum
899 1505 1010 1570 esset?
1065 1511 1175 1588 Neque
1199 1515 1282 1576 enim

124 1621 293 1678 obscurum
324 1621 373 1673 est
404 1614 570 1674 immanem
600 1619 729 1672 turmam
754 1614 792 1672 ab
817 1613 948 1674 Horatio
973 1613 1021 1674 sic
1042 1614 1159 1676 dictam
1181 1617 1282 1678 luisse

123 1719 257 1780 fulmine
282 1717 467 1778 caducam:

546 1818 838 1893 immanemque
861 1825 1025 1880 turmam

397 1921 575 1981 Fulmina
599 1919 820 1980 sustulerit
844 1921 1033 1992 caducan,

123 2034 155 2087 ut
178 2044 197 2086 a
220 2025 358 2102 Virgilio
381 2023 524 2084 Aemvl.
549 2025 626 2086 481:
659 2023 846 2098 belloque
876 2023 1020 2084 caduci
1050 2025 1280 2087 Dardanidae.“

529 2223 533 2230 ’
622 2257 787 2354 luxu.

208 2430 315 2495 Simili
339 2436 536 2497 librariorum
560 2449 667 2494 errore
690 2433 805 2493 lactum
829 2439 894 2502 est,
917 2438 951 2493 ut
975 2435 1058 2509 quod
1083 2451 1190 2496 verum
1214 2446 1281 2499 erat

123 2538 171 2596 lll.
197 2538 252 2607 24,
275 2538 325 2608 ab,
350 2540 408 2598 bae
431 2538 583 2614 deinceps
604 2535 761 2612 pravitate
785 2535 1041 2611 detorqueretur:

507 2623 711 2712 urinaeque
734 2638 797 2700 ulo
819 2636 905 2701 rlrcs.

124 2743 211 2816 Quae
242 2744 338 2804 verba
369 2741 447 2802 vitio
479 2741 592 2802 allecta
622 2754 696 2800 esse
724 2741 779 2814 qui
810 2740 976 2816 perspexit
998 2741 1161 2814 Bentlejus
1194 2751 1280 2804 recte

124 2846 185 2906 hoc
222 2845 362 2905 eruisse:
401 2846 622 2919 durataeque
661 2843 736 2920 gelu
773 2843 892 2902 nives“
929 2844 1056 2904 videtur
1083 2846 1218 2906 Lelusio
1250 2866 1278 2924 p.

125 2948 247 3008 CXXlll
268 2949 315 3008 illi
340 2947 467 3023 quidem
491 2962 551 3006 nec
574 2948 635 3006 hoo
657 2952 849 3020 assequuto,
883 2945 967 3020 quod
990 2956 1179 3023 assequutos
1206 2965 1280 3010 esse
1379 2975 1383 2982 ·

124 3051 319 3110 Meinelrium
343 3049 578 3124 Hauptiumque
609 3048 718 3108 credo:
760 3049 895 3118 „otiose
924 3048 1065 3113 additum
1089 3066 1162 3111 esse
1183 3039 1280 3128 gelu

124 3169 230 3229 neque
253 3153 424 3228 quidquam
447 3151 627 3210 sententiae
650 3151 810 3211 conferre:
842 3167 945 3226 neque
976 3151 1060 3214 enirn
1084 3155 1147 3216 alia
1170 3153 1202 3212 vi
1225 3155 1278 3216 du-

124 3257 187 3318 rari
210 3257 302 3316 nives
325 3271 417 3330 quam
440 3255 558 3332 frigore
568 3263 586 3288 ‘⁶
610 3254 716 3332 (licuit
739 3256 824 3316 enim
848 3255 920 3331 ipso
945 3271 984 3316 eo
1009 3265 1194 3335 argumento
1219 3260 1277 3330 uti,

125 3377 187 3434 quo
208 3357 372 3428 Bentlejus
396 3357 575 3416 obtinuerat
599 3358 930 3417 commemorationem
953 3361 1036 3418 soli
1059 3359 1278 3422 dimittendam

125 3477 218 3531 esse,
243 3460 332 3532 cujus
356 3460 428 3520 loco
451 3461 568 3519 Auctor
582 3457 693 3519 Electt.
706 3458 795 3519 Etou.
809 3457 898 3517 Ovid.
912 3458 998 3519 Pont.
1015 3459 1049 3518 ll.
1066 3461 1095 3530 3,
1111 3461 1150 3523 89
1173 3480 1204 3538 p.
1217 3464 1278 3522 tto
1366 3523 1370 3531 ,

124 3567 204 3626 miro
237 3579 346 3625 errore
367 3563 488 3639 prolert
511 3559 632 3646 sole),
666 3569 698 3621 et
726 3560 857 3621 Horatio
887 3560 1017 3638 dignum
1047 3576 1120 3621 esse
1149 3568 1216 3622 rato
1246 3564 1278 3623 id

126 3667 329 3736 vocabulum,
353 3664 437 3741 quod
460 3664 498 3725 ad
523 3665 817 3740 interpretationem
835 3680 948 3725 vocum
970 3664 1136 3724 duratae
1158 3664 1279 3724 nives

126 3770 303 3832 contulerat
331 3759 434 3828 ¹Acron
469 3785 497 3844 p.
524 3769 595 3838 353,
620 3769 675 3830 39:
709 3768 820 3846 gelu,
850 3765 1015 3826 nimietate
1043 3765 1172 3842 trigoris
1202 3766 1278 3827 soli-

124 3871 250 3932 datae.“
303 3870 368 3930 Nec
390 3870 469 3930 satis
493 3870 649 3930 successit
675 3870 748 3930 Viro
772 3870 892 3937 Docto,
922 3881 1014 3942 quem
1038 3865 1277 3943 Peerlkampius

125 3975 224 4035 relert
247 3974 279 4034 in
303 3974 391 4034 Actis
414 3972 586 4034 Societatis
609 3971 808 4044 Traiectinae
836 3972 897 4031 boc
927 3969 1154 4045 proposuisse:
1188 3970 1277 4030 dura·

125 4085 243 4153 tneque
271 4079 407 4154 polo“,
440 4077 524 4152 quod
554 4075 638 4135 idem
672 4083 786 4150 suopte
823 4074 927 4151 ipsius
956 4072 1086 4148 ingenio
1116 4075 1277 4137 inventum

125 4179 303 4261 Seyffertus
334 4177 386 4262 (cl.
410 4177 505 4262 XXX)
538 4177 599 4238 sibi
630 4177 717 4238 visus
749 4182 798 4235 est
821 4176 1025 4238 confirmasse
1047 4171 1184 4236 Vitruvii
1208 4175 1278 4236 loco

126 4283 175 4344 lX.
201 4284 235 4342 d:
272 4284 382 4354 stella,
419 4297 500 4359 quae
530 4278 646 4340 dicitur
681 4279 805 4354 polus.“
845 4276 962 4349 ,Quare
994 4277 1136 4354 suspicio
1167 4277 1278 4338 incidit
