3052 4996
175 1463 226 1558 Ad
251 1493 382 1557 IIorotii
420 1494 558 1554 carmina
588 1509 664 1554 vere
695 1493 884 1570 explicanda
911 1511 948 1556 ao
980 1497 1190 1575 perpolienda
1220 1503 1251 1566 in

105 1610 231 1662 veterum
256 1597 534 1676 grammaticorum
558 1597 793 1658 commentariis
814 1604 868 1658 aut
891 1597 964 1658 leva
984 1605 1037 1660 aut
1055 1602 1173 1664 nullum
1197 1623 1252 1683 po·

102 1706 184 1764 situm
207 1716 285 1762 esse
309 1705 503 1760 momentum
526 1698 624 1758 multa
646 1695 760 1759 videor
789 1698 903 1760 altene
932 1717 1030 1776 posse
1059 1704 1174 1779 quibus
1198 1706 1251 1768 do-

99 1811 261 1866 monstrem
277 1808 311 1862 et
324 1803 458 1862 doceam
474 1800 514 1861 ad
528 1800 771 1876 persuasionem
786 1803 945 1878 apposite.
980 1803 1079 1875 Quale
1096 1815 1146 1868 est
1163 1809 1253 1882 illud,

97 1909 174 1984 quod
197 1908 219 1966 l.
247 1906 277 1976 8,
303 1906 320 1964 t
354 1921 423 1964 cum
454 1917 563 1964 ornnes
593 1901 666 1964 libri
700 1909 764 1964 tum
795 1903 993 1981 Porphyrion
1017 1913 1050 1966 at
1073 1907 1252 1972 Priscianus

95 2011 180 2070 IIVII.
205 2011 238 2077 I,
264 2007 304 2066 34
329 2013 362 2066 et
384 2005 491 2064 XVIII.
518 2005 567 2075 tu,
592 2006 631 2067 at
656 2010 781 2066 tenent:

129 2128 282 2205 Lydia,
307 2124 372 2185 dio
395 2140 468 2201 per
491 2139 630 2185 omnes

174 2232 227 2290 Te
252 2230 353 2290 deos
377 2245 469 2298 oro,
492 2225 665 2304 Sybarin
689 2243 759 2288 our
781 2245 987 2306 properes
1010 2234 1178 2295 amando

129 2333 334 2402 Perdere,
358 2347 426 2391 onr
448 2331 630 2408 aprinum

178 2434 475 2510 mesocampum
500 2433 667 2511 p'atiens
690 2435 883 2510 pulveris
906 2442 1029 2512 atqne
1053 2437 1168 2500 solis.

129 2542 211 2600 Gur
235 2552 367 2612 neque
389 2535 587 2597 militaris

177 2641 295 2700 Inter
318 2639 520 2713 aequales
544 2637 726 2712 equitat,
756 2635 920 2699 Gallica
942 2654 1015 2700 nec
1037 2639 1192 2716 lupatis

126 2745 350 2818 Temperat
375 2757 443 2800 ora
465 2735 622 2800 irenis?

178 2847 256 2904 Cur
277 2844 396 2904 timet
418 2842 569 2903 flavum
592 2841 780 2904 Tiberim¹
803 2839 996 2921 tangere?

81 2967 272 3027 Ferendum
309 2966 370 3025 hoo
408 2970 556 3040 putarunt
585 2963 767 3036 Bentlejus,
804 2963 999 3025 Schraderus
1027 2967 1191 3027 Animadv.
1215 2967 1255 3029 ad

80 3070 169 3129 Mus.
196 3068 304 3127 XVIlI.
329 3086 358 3143 p.
381 3067 453 3138 312,
476 3067 675 3138 Meinelrius,
698 3067 874 3143 HauptiuS,
898 3086 959 3128 uon
984 3067 1060 3128 item
1082 3069 1254 3130 Withofius

80 3170 188 3246 Speo.
215 3170 327 3231 Gunth.
354 3188 381 3246 p.
401 3174 440 3232 55
464 3171 651 3251 (Deserit
674 3167 852 3254 campum),
876 3169 1120 3247 Oudendorpius
1142 3172 1255 3252 (Odit

81 3273 161 3333 hic
196 3275 248 3333 vel
273 3273 365 3333 Odit
393 3272 740 3354 is),‘PeerIkampius
773 3269 885 3355 (Odit
908 3274 943 3333 is
972 3307 1014 3317 —
1043 3271 1254 3358 impatiens),

79 3376 251 3436 Lehrsius
263 3376 391 3453 pXLIl,
409 3377 464 3452 qui
475 3376 538 3448 jam
554 3377 651 3454 longe
666 3375 871 3436 deterrImum
887 3377 1019 3452 protulit
1032 3378 1110 3437 hoo:
1135 3376 1255 3447 „Odit

82 3487 128 3538 et
155 3488 334 3556 campum.u
373 3479 437 3539 Neo
453 3478 690 3555 probabilitatis
705 3478 876 3554 quidquam
892 3479 987 3540 habet
1003 3480 1164 3556 inceptum
1178 3479 1255 3539 Use-

81 3583 165 3641 neri
186 3580 351 3643 Diomedis
366 3581 589 3657 Victoriuique
605 3589 636 3641 et
653 3581 880 3652 Fortunatiam,
898 3581 982 3659 apud
1000 3599 1080 3658 quos
1096 3580 1256 3643 iuvenitur

80 3702 151 3761 pro
163 3699 302 3760 peras,
318 3682 507 3745 auctoritate
520 3684 613 3744 abusi
623 3680 713 3766 (Mus.
724 3685 822 3744 Rhen.
831 3683 936 3745 XXIV.
947 3704 976 3761 p.
987 3683 1079 3768 338):
1101 3683 1256 3761 „Sybarin

81 3788 130 3846 ni
154 3802 344 3862 properas
367 3787 499 3873 amando
514 3787 667 3857 Perdere,
692 3805 746 3847 eur
769 3788 911 3865 apricum
928 3786 1036 3846 Oderit
1059 3781 1255 3863 corripum?“

82 3889 240 3964 Namque
264 3889 374 3949 mutati
397 3892 564 3951 verborum
582 3870 690 3950 modi:
715 3907 769 3950 eur
792 3906 980 3974 properes
1003 3906 1116 3948 -eur
1139 3889 1256 3947 timet

93 3992 276 4052 manifesto¹
298 3991 458 4054 declarant
482 3992 640 4068 duplicem
665 3993 893 4052 sentenIIarum
917 3992 1059 4049 ordinem
1077 3989 1257 4050 institutum

86 4109 173 4154 esse
196 4095 227 4154 iu
245 4095 336 4168 ,hune
358 4096 425 4154 lere
447 4096 589 4156 modum:
627 4095 686 4154 Dio
717 4111 771 4152 our
799 4090 932 4151 amando
956 4089 1090 4166 Sybarin
1122 4093 1257 4168 perdere

87 4193 315 4273 properes?
360 4197 448 4268 Quod
465 4198 528 4258 nisi
542 4196 633 4264 loeis,
657 4212 712 4254 our
726 4196 781 4253 ille
798 4192 940 4268 apricum
956 4210 1099 4271 eampum
1123 4195 1137 4254 1
1142 4191 1256 4273 ugit?

85 4316 153 4358 our
176 4315 283 4373 neque
306 4300 388 4360 inter·
410 4302 563 4376 aequales
587 4295 734 4360 militaris
758 4297 881 4372 equitat
905 4315 964 4358 nee
988 4298 1110 4359 Gallica
1133 4315 1188 4359 ora
1211 4298 1255 4356 lu-

1056 4405 1069 4470 1
