3026 4988
678 371 743 442 tot

128 551 241 607 aetate
276 544 377 604 luisse
412 545 675 607 exercitationem
711 554 743 608 et
779 548 885 607 ludum
922 541 1019 627 (qliae
1047 547 1291 611 Mitscherlichii

128 646 296 708 sententia
320 652 369 704 est
392 652 424 704 et
448 645 604 708 Huschkii
627 649 906 726 Peerlkampiique
930 664 966 708 ac
980 647 1139 732 Lehrsii),
1162 656 1197 709 ut
1213 649 1289 711 illuc

117 755 276 826 spectet,
308 748 391 822 qnod
423 763 461 808 ea
481 747 571 824 ipsa,
602 766 684 824 qnae
712 755 935 819 recensentur,
965 750 1036 810 loca
1062 756 1127 810 tum
1157 751 1290 813 Romani
1381 757 1383 762 '

129 871 192 912 suo
218 851 354 926 quisque
384 851 515 911 arbitrio
548 853 669 930 eligere
703 858 945 913 consueverunt.
989 851 1102 930 Magna
1125 853 1207 914 enim
1231 855 1289 916 Ro-

129 971 296 1015 manorum
325 953 416 1013 turba
438 953 494 1014 illa
514 959 620 1014 aetate
650 954 682 1014 in
706 954 839 1016 Graecia
868 959 965 1030 atque
989 955 1084 1024 Asia,
1113 955 1168 1015 ubi
1191 957 1289 1018 animi

130 1074 231 1118 causa
254 1056 294 1117 ad
316 1063 440 1131 tempus
465 1063 661 1117 morarentur
684 1058 755 1118 sive
779 1056 899 1133 publici
922 1041 1023 1117 status
1046 1058 1154 1119 taedio
1179 1059 1289 1120 emissi

131 1161 206 1219 sive
243 1157 394 1233 cupidine
430 1157 515 1234 capti
550 1159 685 1220 mirandi
721 1159 841 1219 veteris
878 1159 1061 1234 opulentiae
1096 1177 1134 1221 ac
1167 1162 1290 1238 gloriae

131 1260 275 1338 vestigia
298 1259 367 1320 sive
391 1260 455 1320 alia
477 1260 606 1337 sequuti
629 1262 782 1331 consilia,
818 1277 900 1336 quae
924 1279 982 1321 nos
1007 1279 1037 1337 p.
1053 1261 1110 1323 371
1129 1279 1176 1338 sq.
1200 1279 1289 1324 enar-

130 1364 290 1432 ravimuS,
313 1377 430 1438 nuper,
453 1371 487 1421 ut
510 1362 624 1432 audio,
647 1363 920 1424 Friedlaenderus

219 1463 307 1525 Haec
330 1465 427 1541 igitur
449 1464 576 1541 singula
599 1465 766 1525 subtiliore
795 1465 985 1540 quaestione
1015 1466 1091 1526 olim
1117 1464 1288 1542 explicavi.

132 1567 254 1638 Quibus
296 1584 390 1641 quum
430 1566 528 1625 nolim
568 1567 749 1627 uberiorum
789 1569 981 1643 quorundam
1027 1568 1291 1628 incrementorum

132 1667 354 1730 accessionem
389 1665 579 1744 adjungere,
618 1669 752 1744 primum
788 1677 891 1730 tamen
926 1688 988 1730 non
1024 1676 1221 1746 praeteream
1251 1673 1290 1730 ab

133 1769 255 1831 Orellio
280 1787 310 1846 p.
332 1770 370 1830 52
403 1787 464 1829 non
498 1770 576 1830 satis
607 1770 778 1846 perspicue
801 1778 833 1830 et
856 1771 989 1832 definite
1017 1773 1118 1833 relata
1141 1789 1215 1833 esse
1240 1789 1289 1844 ea,

133 1873 250 1949 quibus
277 1887 370 1930 versu
398 1871 435 1931 1o
461 1870 522 1930 hoc
536 1870 699 1930 Horatium
722 1870 867 1947 profiteri
885 1871 1080 1932 obtinuimus
1103 1890 1132 1947 p.
1151 1873 1209 1932 381
1225 1891 1290 1949 sq.:

132 1977 240 2036 locum
271 1973 451 2048 victumque
482 1972 544 2034 sibi
574 1975 701 2046 plaeere
732 1973 814 2033 inter
845 1972 987 2048 Spartam
1021 1972 1289 2047 patientissimam

133 2084 166 2138 et
182 2077 325 2138 Larisam
348 2075 516 2135 delicatam
540 2075 632 2150 quasi
654 2074 800 2135 medium.
834 2075 958 2136 Deinde
973 2075 1015 2135 de
1030 2076 1175 2137 versibus
1194 2080 1288 2152 bsq.:

197 2181 313 2248 Sunt,
351 2178 497 2252 quibus
527 2195 640 2237 unum
672 2195 771 2254 opus
803 2184 864 2237 est
896 2178 1079 2239 intactae
1107 2179 1291 2240 Palladis

954 2296 1070 2341 arces

263 2381 393 2445 dar-lna
415 2387 614 2457 perpetuo
638 2383 853 2442 celebrare
878 2388 916 2441 et

198 2486 328 2566 llrvdlqrrc
349 2487 512 2566 decerpta!
535 2483 626 2546 lroutl
649 2499 904 2559 praeponere
927 2484 1043 2561 ellran,

134 2593 248 2668 quibus
272 2590 435 2649 mirificam
461 2588 665 2647 sedulitatem
687 2586 849 2646 hominurn
878 2586 963 2645 omni
987 2594 1019 2646 et
1042 2587 1135 2647 modo
1160 2594 1191 2647 et
1214 2594 1290 2648 tern-

132 2709 212 2770 pore
230 2693 425 2752 Athenarum
448 2690 560 2751 laudes
582 2688 821 2749 memorantium
845 2693 940 2762 atque
962 2689 1043 2748 adeo
1058 2690 1291 2750 decantantium

133 2795 408 2870 comprobavimus
432 2811 462 2868 p.
487 2792 669 2852 eoa-368
698 2790 743 2850 ita
766 2789 916 2864 scriptam
947 2805 1037 2861 esse,
1066 2798 1101 2851 ut
1124 2793 1226 2852 oratio
1250 2793 1289 2852 ad
1336 2859 1341 2870 Ι

111 2901 223 2964 ,illum
245 2914 366 2958 morem
389 2901 566 2972 spectaret,
598 2912 660 2969 quo
684 2898 801 2969 poetae
825 2893 966 2953 solerent
997 2910 1123 2954 carmen
1146 2896 1291 2956 exorsuri

133 3004 292 3069 lauream,
323 3000 393 3058 sive
417 2998 481 3058 alia
504 3013 621 3057 corona
653 2996 783 3072 propior
812 3001 900 3054 esset
923 3004 1108 3072 argumento
1131 2997 1290 3068 carminis,

133 3120 261 3166 sumere
284 3108 316 3162 et
339 3102 434 3162 fronti
457 3114 672 3177 praeponere,
696 3117 758 3158 non
778 3097 889 3158 omitto
904 3098 1027 3159 Valerii
1042 3099 1170 3172 Maximi
1187 3101 1290 3160 locum

132 3209 180 3270 lll.
205 3208 236 3276 2,
250 3207 306 3265 22:
331 3205 467 3264 verbosa
490 3202 652 3261 laudum
675 3218 830 3262 suarum
854 3209 973 3262 cantu
996 3203 1157 3263 Graecia“
1181 3219 1289 3278 parem

133 3317 166 3371 et
196 3307 336 3369 similem
367 3307 424 3375 iis,
456 3322 536 3380 quos
560 3323 589 3380 p.
606 3305 665 3364 adt
697 3303 729 3362 in
759 3303 864 3364 medio
895 3305 1060 3382 proposui,
1113 3305 1199 3364 Nihil
1227 3304 1290 3376 jani

132 3414 275 3474 dicamus
299 3410 339 3469 de
362 3425 472 3468 eorum
495 3405 670 3474 sententia,
695 3422 775 3481 quos
799 3411 951 3479 sequutus
974 3412 1025 3465 est
1041 3406 1209 3480 Lehrsius3
1233 3406 1291 3465 sed

134 3516 248 3592 quibus
272 3511 453 3572 absolvisse
477 3529 507 3586 p.
527 3509 703 3590 372-381
739 3505 802 3567 visi
833 3523 939 3566 sumus
964 3507 1004 3566 de
1027 3508 1204 3568 lunonis
1227 3499 1290 3567 v.8

133 3617 318 3684 mentione,
344 3629 383 3673 ea
406 3611 569 3673 retractari
593 3625 728 3670 necesse
753 3615 919 3685 astatque
943 3608 1090 3685 expoliri.

667 3846 758 3942 tlt

218 4025 358 4100 Namque
383 4039 477 4097 quern
501 4023 604 4081 locum
635 4021 666 4080 in
689 4020 869 4098 desperatis
888 4019 1157 4095 comploratisque
1171 4018 1290 4077 habere

135 4127 219 4189 docti
243 4126 389 4186 homines
415 4129 588 4201 coeperunt
614 4121 655 4204 (v.
672 4123 722 4202 8):

305 4228 446 4291 liutius
469 4229 499 4289 ln
521 4224 691 4286 lunonis
714 4223 852 4286 leuare!

220 4333 362 4405 Aptum
385 4330 491 4390 dicit
513 4328 633 4403 equis
658 4329 784 4402 Argos
808 4325 1000 4398 ditesque
1023 4325 1231 4400 Mycenas,
1322 4333 1323 4337 ’
