3052 4996
744 351 765 421 4

184 533 334 606 „libris
357 529 477 608 pariter
498 524 695 599 fastisque
717 523 912 601 legendus“,
936 527 989 581 aut
1007 522 1043 582 V.
1058 524 1135 583 bitu:
1159 522 1336 598 „plenus

183 639 377 698 honorum
405 631 443 692 Et
473 629 607 689 dictator
646 643 713 688 eam
744 623 871 703 Stygias
901 632 932 683 et
962 627 1072 687 consul
1102 624 1142 685 ad
1170 626 1336 695 umbras“,

184 753 317 814 quocum
342 734 466 795 Cortius
490 750 519 808 p.
544 732 582 790 bl
608 729 771 790 contendit
793 727 870 788 Plin.
885 727 940 802 Ep.
956 727 991 786 ll.
1009 731 1035 798 l,
1052 731 1085 788 l:
1109 726 1221 804 plenus
1245 727 1336 788 annis

183 841 279 911 abiit,
302 840 448 916 plenus
471 832 729 895 honor·ibus.“

267 1251 315 1310 De
339 1263 435 1307 versu
457 1247 479 1306 l.
504 1247 554 1314 25,
579 1245 615 1303 2:

353 1348 517 1410 Parcius
539 1346 699 1418 junctas
723 1343 916 1420 quatiunt
938 1344 1147 1405 fenestras

351 1448 459 1512 lctllm
482 1445 642 1509 crebris
662 1444 835 1517 juvenes
858 1447 1048 1522 protervi

183 1570 285 1631 nuper
314 1551 471 1628 llauptius
501 1550 604 1610 Herm,
627 1549 677 1608 iV.
707 1547 777 1610 lar.
798 1547 853 1608 llll
884 1567 913 1625 p.
940 1549 999 1610 145
1038 1547 1068 1609 in
1099 1550 1183 1609 hunc
1212 1547 1338 1608 modum

184 1654 374 1732 disputavit:
397 1652 529 1713 lloratio
555 1651 710 1711 redditum
735 1650 859 1711 tandem
884 1651 1040 1728 estquod
1064 1651 1192 1728 scripsit
1220 1649 1338 1722 jacti-

183 1760 263 1819 bus.
287 1791 329 1803 -
351 1757 428 1817 Nam
448 1753 647 1825 jactibus,
678 1771 740 1813 non
765 1751 919 1814 ictibus
944 1754 1089 1814 inlibris
1120 1752 1187 1813 suis
1212 1758 1340 1830 praeter

183 1859 298 1923 Divaei
313 1855 457 1919 omnibus
476 1872 512 1916 se
531 1856 653 1933 legisse
669 1860 803 1915 testatur
819 1855 986 1931 Cruquius‚
1005 1857 1036 1916 in
1053 1854 1221 1926 Leidensi,
1245 1855 1338 1916 Grae·

184 1965 296 2032 viano,
321 1959 495 2038 Reginensi
517 1957 701 2032 Bentlejus;
732 1957 885 2018 accedunt
908 1958 966 2018 alii
997 1959 1068 2019 libri
1099 1965 1130 2018 et
1161 1959 1246 2034 quod
1267 1958 1338 2018 Por-

184 2067 300 2144 phyrio
339 2063 513 2139 adscripsit
543 2075 697 2137 suumque
728 2061 805 2122 fecit
836 2063 955 2122 Acron:
993 2059 1146 2132 juvenes,
1178 2062 1233 2137 qui
1263 2062 1339 2122 olim

183 2166 382 2243 frequentius
413 2165 569 2225 fenestras
597 2169 668 2224 tuas
704 2162 865 2239 lapidibus
902 2163 1107 2224 incessebant
1136 2200 1186 2223 —.
1227 2164 1339 2224 mirum

185 2277 233 2330 est
255 2265 433 2337 Bentlejruu
459 2264 547 2326 vocis
570 2273 633 2325 tam
656 2271 751 2341 aptae
774 2271 901 2342 tamque
926 2272 1060 2326 testatae
1084 2267 1253 2327 veritatem
1277 2283 1338 2326 non

184 2370 377 2449 adgnouisse
407 2384 512 2444 neque
543 2369 646 2429 minus
675 2368 787 2428 mirum
819 2386 880 2429 nou
904 2368 1086 2429 restituisse
1112 2384 1183 2428 eum
1207 2369 1340 2430 eandem

187 2488 296 2535 vocem
327 2471 358 2531 in
381 2470 528 2532 versibus
552 2471 734 2540 Claudiani,
767 2486 847 2544 quos
878 2476 1008 2548 propter
1037 2471 1160 2531 inanem
1186 2471 1340 2546 quandam

184 2578 250 2639 Nic.
274 2574 401 2637 Heinsii
439 2575 621 2652 opinionem
660 2573 771 2634 adfert.
804 2573 882 2633 dicit
914 2573 1104 2634 Claudianus
1132 2572 1259 2634 liutai
1285 2573 1339 2634 ab:
1429 2605 1431 2612 ›

182 2679 243 2753 jam
273 2680 366 2739 turba
395 2695 512 2754 procax
543 2677 712 2752 noctisque
736 2676 859 2737 recedit
882 2677 1025 2738 Ambitus
1050 2683 1082 2738 et
1104 2695 1174 2738 raro
1199 2678 1341 2755 pulsatur

181 2782 277 2854 janua
298 2789 416 2842 tactu.
442 2781 642 2841 scribendum
675 2787 738 2840 est:
769 2788 802 2840 et
825 2797 894 2841 raro
919 2783 1061 2857 pulsatur
1089 2780 1184 2852 janua
1211 2778 1339 2851 jactu:

183 2902 255 2946 nam
277 2890 390 2952 tactu
412 2883 531 2942 misere
555 2884 700 2958 languet,
726 2884 926 2943 obversatum
950 2889 1055 2943 autern
1080 2882 1339 2943 esseClaudiano

183 2985 308 3048 Horatii
331 2999 456 3046 carmen
474 2985 527 3044 vix
543 2989 651 3060 potest
674 2983 818 3044 dubitari.
844 2990 875 3043 et
893 2985 999 3045 attulit
1012 2987 1206 3045 Burmannus
1228 2982 1358 3056 jactu·

186 3106 225 3150 ex
254 3087 333 3148 libro
357 3086 549 3148 Vossiano.“
602 3085 662 3155 Qui
693 3084 830 3156 Bentleii
861 3102 992 3147 acumen
1023 3087 1208 3164 elanguisse
1239 3092 1338 3146 tanto·

185 3191 434 3268 percipiuntur,
466 3206 536 3250 eum
561 3224 601 3235 -
625 3191 779 3250 humanos
802 3207 894 3250 casus
923 3190 1071 3267 adspice,
1101 3197 1135 3250 ut
1166 3191 1212 3251 ait
1241 3198 1340 3268 poeta

184 3301 277 3376 vetus
301 3292 425 3364 ——jam
448 3311 507 3354 uos
531 3294 752 3354 vehementius
786 3294 935 3354 miramur
963 3294 1044 3354 haec
1074 3293 1118 3354 ita
1147 3295 1338 3370 disputasse.

183 3398 280 3458 Narra
303 3398 387 3457 enim
411 3398 520 3458 uobis:
551 3397 729 3474 principum
754 3399 894 3457 virorum
917 3399 1089 3458 auctoritas
1113 3413 1154 3458 ex
1176 3399 1339 3459 voluntate

64 3573 66 3578 ⁴
183 3499 279 3560 unius
301 3499 441 3560 hominis
465 3501 593 3561 omnino
617 3500 822 3576 improbanda
853 3506 949 3574 atque
982 3499 1144 3561 illudenda
1166 3497 1249 3561 fuit?
1281 3502 1338 3562 cir·

184 3602 423 3678 cumspectione
458 3603 567 3678 aliqua
598 3608 629 3662 et
665 3608 811 3662 accurata
842 3601 1101 3662 consideratione
1132 3622 1193 3665 nou
1223 3605 1339 3665 tuenda

183 3701 267 3764 fuit?
301 3704 383 3781 Ergo
410 3704 590 3764 eorumdem
612 3705 753 3765 locorum
777 3705 1015 3781 comparatione
1037 3707 1120 3768 facta
1133 3724 1227 3783 quum
1243 3706 1338 3768 Hein-

184 3806 252 3867 sius
277 3805 462 3866 nnuma.
488 3806 536 3867 ill.
562 3799 600 3868 '35
627 3804 753 3888 (fortius
777 3793 937 3869 Claudiau.
968 3828 996 3886 p.
1021 3808 1097 3894 830)
1122 3811 1257 3871 affirmet
1279 3819 1338 3873 ta-

183 3909 318 3969 ctibus
347 3909 546 3971 scribendum
577 3926 667 3981 esse,
697 3909 862 3982 Bentlejus
893 3911 1053 3984 ictibus,
1083 3903 1219 3988 uterque
1248 3916 1338 3975 vocis

181 4009 362 4082 jactibus
393 4001 497 4072 certus
522 4013 628 4074 extitit
651 4019 856 4090 contemptor.
909 4013 1004 4085 cnjus
1028 4029 1203 4076 consensus
1227 4033 1339 4078 caussa

183 4112 329 4173 nimirum
352 4116 432 4175 haec
455 4115 532 4186 fuit,
563 4116 647 4191 quod
670 4117 717 4176 sic
740 4117 855 4179 dictam
879 4134 948 4178 eam
972 4134 1084 4177 vocem
1107 4120 1193 4179 nullo
1216 4121 1337 4180 veteris

183 4212 317 4284 alicujus
341 4217 507 4292 scriptoris
532 4221 679 4296 exemplo
706 4227 899 4297 repererant.
946 4218 1036 4289 Quod
1060 4237 1154 4295 quum
1178 4241 1239 4283 non
1267 4241 1336 4299 per-

184 4316 344 4392 spexisset
366 4317 522 4393 llauptius
545 4327 672 4381 nostrae
697 4325 823 4398 potius,
849 4339 938 4396 qrram
960 4322 1079 4384 latinae
1096 4325 1337 4385 consuetudinis
