3026 4988
801 335 844 407 ul

249 515 369 579 lraudis
400 511 516 574 vindex
547 516 579 570 et
607 506 763 586 pecuniae
791 508 953 571 abstinens
984 511 1129 573 consulta
1158 529 1216 573 sua
1245 517 1402 589 tamquam

249 632 336 680 arma
357 616 459 677 victor
481 612 652 690 explicuit,
682 628 744 671 non
776 611 876 670 semel
905 616 1001 686 atque
1024 611 1156 684 iterum,
1186 614 1244 675 sed
1273 616 1401 691 quoties

246 718 387 792 judices,
410 732 472 791 quo
497 720 529 774 et
550 713 655 782 vitae,
679 711 763 787 quod
785 716 911 772 teneret
933 711 1071 784 Lollius,
1099 714 1276 777 institutum
1300 723 1334 776 et
1356 734 1400 779 ra-

249 813 370 884 tiossum
392 816 551 879 stabilitas
573 819 737 883 vocasset,
760 829 819 874 sua
841 817 955 888 sponte
979 814 1106 891 sequuti
1129 811 1244 898 (Carm.
1265 817 1339 878 Pan.
1362 819 1401 880 cd

247 925 309 986 Pis.
335 921 391 1001 lb)
419 920 588 982 honestum
616 915 688 978 utili
717 914 913 992 praeferrent
944 923 976 977 et
1005 916 1089 978 dona
1116 920 1298 980 nocentium
1328 919 1398 992 reji-

249 1027 357 1092 cerent
382 1020 480 1106 (utili
504 1027 543 1082 et
566 1021 650 1082 enim
673 1025 760 1080 extat
783 1019 815 1079 in
838 1018 962 1081 duobus
983 1017 1139 1082 Vanderb.
1163 1021 1357 1099 codicibus):

756 1171 826 1233 Est
849 1172 1003 1233 animus
1025 1175 1104 1235 tibi

460 1279 678 1353 Rerumque
702 1275 881 1351 prudens
906 1281 944 1334 et
967 1276 1161 1338 secundis

502 1376 769 1454 Temporibus
792 1375 1021 1453 dubiisque
1045 1386 1193 1440 rectus.

313 1549 320 1560 Ι
416 1481 575 1544 Vindex
598 1493 745 1541 avarae
776 1478 936 1540 fraudis
958 1488 997 1540 et
1019 1483 1229 1543 abstinens

416 1582 616 1647 Ducentis
639 1581 686 1643 ad
709 1597 752 1642 sc
776 1588 921 1643 cuncta
944 1584 1143 1658 pecuniae

457 1685 966 1755 111111111011111111111111111,

502 1787 578 1849 Sed
602 1787 770 1862 quoties
792 1787 921 1847 bouus
943 1793 1065 1863 atque
1088 1786 1200 1848 lidus

418 1893 541 1955 ludex
563 1889 775 1974 honestum
796 1889 997 1964 praetulit
1019 1889 1121 1952 utili
1145 1898 1184 1951 et

415 1994 574 2068 Reiecit
597 1994 681 2052 alto
704 1990 808 2052 dona
829 1989 1066 2053 nocentium

383 2079 391 2096 ¹
457 2097 593 2165 Vultu,
622 2109 694 2170 per
716 2094 932 2154 obstantes
955 2103 1141 2156 catervas
1211 2143 1215 2148 .

496 2196 706 2274 Explicuit
729 2213 799 2257 sua
821 2195 955 2257 victor
977 2212 1092 2258 arma.

245 2355 333 2427 Quae
355 2351 480 2429 singuld
502 2351 578 2412 licet
600 2350 652 2411 his
675 2349 834 2425 exemplis
858 2348 1018 2410 illustrare
1033 2357 1065 2410 et
1080 2351 1282 2412 continuare:
1305 2369 1396 2414 con·

122 2483 124 2488 ·
245 2455 628 2520 sultaabstinentis
659 2451 800 2522 animi,
835 2459 869 2512 ut
892 2450 947 2512 Sil.
972 2451 1046 2512 lllll.
1072 2453 1149 2514 402:
1183 2457 1395 2516 consulta-

244 2576 307 2638 que
329 2557 514 2637 pectoris
544 2556 662 2634 aegri
691 2553 833 2617 Pandite
878 2573 906 2614 ν.
930 2556 1007 2618 ott:
1040 2558 1145 2635 arguit
1169 2572 1264 2632 asper
1285 2557 1395 2618 Exitus

244 2669 361 2725 eventu
379 2659 470 2738 pravi
494 2660 685 2720 consulta
707 2655 898 2720 timorls“
932 2659 970 2718 cl.
994 2659 1066 2722 Tac.
1089 2661 1168 2721 dnn.
1192 2658 1228 2717 V.
1255 2660 1291 2719 b:
1327 2675 1393 2721 sae-

124 2759 128 2766 ’
244 2767 340 2835 vitiu,
369 2761 520 2832 libidine,
544 2762 642 2823 malis
666 2760 872 2823 consultis
894 2761 1017 2823 animus
1040 2761 1269 2831 dilaceratur“,
1304 2779 1393 2825 con·

243 2869 352 2930 suita
370 2864 490 2926 unius
513 2863 629 2940 anni,
650 2870 685 2925 ut
707 2863 782 2924 Sall.
804 2861 870 2940 lug.
887 2863 984 2934 ll,5:
1008 2863 1281 2940 quinquennii
1305 2881 1393 2928 con·
1491 2893 1492 2942 1

242 2971 351 3032 sulla
379 2965 485 3028 omnia
513 2971 546 3026 et
568 2964 736 3036 decrcla“,
766 2964 830 3026 alia
859 2982 910 3042 ap.
935 2967 1018 3028 cort.
1042 2967 1105 3027 Cic.
1128 2968 1229 3042 Epist.
1248 2968 1285 3028 ll.
1307 2968 1392 3038 13‚8
1491 2959 1492 2998 l

242 3091 272 3150 p.
285 3073 325 3133 85
348 3077 381 3131 et
402 3068 477 3130 Sall.
505 3087 537 3146 p.
550 3070 621 3131 151.
654 3068 769 3145 Wopk.
792 3067 903 3128 lustin.
927 3066 1018 3128 llllll.
1043 3069 1072 3139 1,
1099 3071 1136 3132 111
1166 3087 1197 3146 p.
1209 3071 1290 3144 ²⁰⁹3
1325 3085 1392 3130 ex·

241 3173 411 3256 plicuit,
444 3177 479 3232 ut
509 3172 598 3232 Caes.
621 3171 655 3231 B.
679 3172 711 3231 C.
736 3172 756 3231 l.
780 3172 833 3242 18,
856 3173 891 3230 t:
924 3172 969 3233 ibi
1005 3189 1041 3233 se
1070 3173 1226 3248 reliquum
1257 3173 1392 3234 consi·

241 3275 336 3336 lium
362 3274 645 3351 explicaturos
673 3272 902 3334 confidebant“
933 3280 964 3334 et
995 3275 1037 3336 iis
1060 3275 1159 3346 locis,
1194 3293 1275 3351 quos
1297 3275 1390 3338 Davi-

241 3377 308 3438 sius
338 3382 371 3437 et
399 3374 641 3450 Oudendorpius
670 3393 698 3452 p.
714 3375 774 3436 598
797 3375 968 3437 attulerunt
999 3382 1032 3437 et
1056 3377 1181 3438 eortius
1205 3377 1269 3438 Cic.
1292 3377 1391 3453 Epist.

240 3478 290 3539 111.
313 3479 406 3549 15,1
429 3493 458 3553 p.
472 3477 542 3538 tel.
566 3475 636 3538 add.
660 3475 789 3548 Quintil.
812 3477 900 3538 Decl.
922 3478 944 3538 1.
970 3480 988 3539 o
1012 3497 1042 3556 p.
1061 3478 1114 3539 12:
1145 3479 1283 3556 impetus
1307 3495 1389 3540 meu·

238 3579 328 3652 tium,
352 3598 432 3657 quos
450 3597 512 3640 non
536 3578 751 3655 explicant
775 3578 951 3641 ministeria
971 3583 1188 3643 membrorum.
1202 3581 1269 3642 119
1292 3599 1321 3656 p.
1336 3583 1389 3642 lb:

238 3701 366 3754 manus,
390 3697 472 3758 (purae
495 3697 553 3742 sua
576 3696 703 3757 quoque
725 3681 903 3742 ministeria
922 3701 983 3745 non
1000 3684 1170 3760 explicant.
1191 3685 1214 3745 l.
1230 3685 1266 3745 11
1292 3687 1388 3762 pte:

239 3785 295 3861 qui
324 3801 437 3846 caecus
468 3784 631 3861 explicare
660 3789 793 3844 conetur
820 3783 973 3846 lacinus.“
1026 3787 1043 3846 1
1068 3804 1098 3863 p.
1114 3786 1169 3847 ts:
1202 3787 1386 3863 explicitum

237 3894 301 3948 tam
330 3887 463 3950 dilficile
491 3886 669 3964 lacinus.“'
701 3887 895 3949 Consulto
928 3895 1033 3950 autern
1067 3899 1171 3949 arma
1204 3894 1290 3950 recte
1324 3888 1386 3949 dici

238 3990 378 4052 declarat
406 3991 459 4050 vel
487 3989 666 4067 Sophocles
688 3987 765 4048 Oed.
789 3989 824 4049 u.
849 3991 907 4052 1111
938 3991 1111 4075 φροντίδος
1139 3987 1233 4074 1γχος
1261 3997 1293 4052 et
1317 3993 1386 4054 Pro·
1490 4057 1491 4074 χ

238 4095 361 4168 portius
385 4094 433 4153 111.
456 4093 508 4164 10,
531 4093 570 4152 11
608 4098 639 4152 et
671 4091 795 4154 Petron.
817 4094 911 4155 Antlr.
934 4096 1000 4156 Lat.
1022 4093 1073 4155 lll.
1101 4093 1213 4165 111111
1246 4095 1384 4156 Demo-

239 4195 401 4256 sthenis
425 4211 538 4256 orma.
580 4193 643 4255 Cic.
668 4195 758 4256 Catil.
785 4196 911 4266 1,1,4.
