3026 4988
736 349 794 418 et

926 443 945 490 s

200 526 292 585 Aetu.
325 527 440 586 nata.
473 525 532 584 lta
564 541 600 583 ac
629 503 749 582 Senecs
767 521 834 580 Nat.
859 519 913 590 Qu.
929 521 980 580 lll.
1005 521 1059 580 26:
1097 520 1127 580 in
1158 520 1360 597 Syracusano

199 628 295 686 litore
318 642 528 704 emergere
552 625 589 684 cl.
609 624 751 684 German.
764 625 879 684 Phaen.
893 626 969 684 615:
995 624 1120 683 Lucifer
1140 659 1180 667 -
1200 625 1360 685 Exsilit

201 733 357 790 Oceano.“
388 730 464 790 Stat.
476 724 619 788 Thebll.
638 727 686 785 56.
710 728 802 785 Anth.
818 729 883 786 Lat.
894 726 944 786 lV.
955 727 1015 785 251
1027 745 1037 800 :¹
1057 725 1087 786 in
1105 742 1155 785 me
1168 727 1272 786 omnis
1284 727 1359 786 Tar·-

199 840 286 893 tarus
307 827 522 912 exsiliat“)
549 835 580 889 et
600 829 749 889 existit
770 826 858 910 (Stat.
877 827 1358 901 eonjecuxxp.281.nor.1a

201 935 277 994 Oad.
288 935 363 994 Hirt.
387 935 406 992 l.
422 933 451 992 d.
474 948 504 1006 p.
521 921 591 991 803.
614 932 710 992 Drak.
723 930 895 1006 tinhxv.
910 928 989 1013 1,3).
1013 930 1094 1000 Quid
1107 931 1213 990 multis
1226 927 1358 992 moror?

202 1037 287 1112 quod
313 1055 374 1096 non
393 1035 499 1094 dubiis
522 1032 651 1093 indiciis
671 1033 952 1108 investigavimus:
983 1032 1147 1102 exsilit,
1171 1033 1204 1092 id
1224 1034 1263 1100 ab
1284 1034 1358 1108 ipso

203 1138 331 1198 Horatio
355 1142 511 1212 sumptum
534 1136 572 1195 ab
590 1135 865 1209 eodemque-hunc
883 1134 991 1207 potius
1012 1136 1177 1195 verborum
1198 1136 1359 1195 ordinem:

415 1236 584 1296 Menses:
608 1236 750 1317 profonda
773 1235 991 1311 pulchrior
1014 1235 1118 1312 crslllt,

203 1359 293 1417 quam
317 1356 410 1416 quem
426 1355 534 1399 ornnes
552 1344 675 1398 tenent:
700 1352 854 1396 merses
878 1338 1092 1412 profundo:
1116 1337 1280 1414 pulchrior
1294 1347 1359 1382 —“

203 1441 257 1525 (cl.
280 1444 335 1503 Sil.
360 1443 410 1501 lV.
435 1443 513 1501 802:
544 1436 674 1498 rne'rsa
697 1440 901 1512 prolundo
932 1440 1048 1500 Punica
1077 1455 1175 1517 regua
1198 1437 1359 1522 lor·ent“)‚

204 1547 381 1606 institutum
410 1542 511 1602 luisse
540 1547 649 1601 auctor·
680 1547 729 1599 est
752 1541 905 1609 Rutilius,
937 1541 991 1615 qui
1021 1541 1142 1602 Horatii
1178 1543 1362 1617 exemplum

205 1647 383 1708 imitatione
408 1659 444 1704 se
469 1643 669 1716 expressisse
692 1643 862 1717 perspicue
885 1643 937 1702 his
958 1643 1076 1722 latetur
1099 1644 1119 1702 Ι.
1146 1644 1222 1704 129:
1257 1644 1361 1703 Flevit

204 1763 370 1809 successus
393 1744 569 1804 Annibal
595 1742 667 1818 ipse
689 1759 775 1802 suos.
821 1742 907 1813 Quae
931 1744 1057 1820 mergi
1080 1751 1262 1818 nequeunt,
1286 1744 1360 1804 nisu

205 1849 323 1920 majore
349 1851 514 1924 resurgant
536 1845 820 1920 Exsiliuntque
844 1845 934 1904 imis
958 1846 1053 1905 altius
1076 1851 1147 1905 acta
1169 1845 1295 1906 vadis.“

290 2058 317 2114 Α
347 2051 466 2114 Rutilio
507 2051 577 2125 ipsa
622 2065 674 2109 res
716 2065 884 2125 parumper
916 2057 1028 2110 avocat
1064 2051 1104 2110 ad
1143 2051 1363 2110 Claudianum.

205 2163 346 2235 Namque
370 2159 424 2217 illa
448 2176 475 2215 v.
499 2156 655 2216 til—til:

194 2257 199 2262 '
376 2261 457 2320 Non
489 2258 616 2334 hydra
644 2263 757 2315 secto
788 2273 960 2331 corpore
985 2259 1145 2318 firmior·

322 2401 323 2406 η
374 2353 494 2422 Vinci
518 2361 726 2420 dolentem
758 2360 893 2420 crevit
917 2360 954 2418 in
978 2359 1188 2419 Herculem

413 2459 415 2464 ’
453 2462 726 2522 Monstrumve
750 2461 991 2521 summisere
1014 2461 1158 2521 Colchi

515 2562 643 2633 Majus
666 2563 947 2623 Echioniaeve
972 2563 1132 2624 Thebae

209 2678 280 2749 post
321 2667 479 2729 Stravium
517 2665 657 2726 insiticia
690 2664 843 2736 judicavit
873 2664 1070 2736 Meinekius,
1107 2665 1158 2726 cui
1188 2667 1364 2726 assentitur

206 2772 358 2834 Lehrsius
389 2790 419 2846 p.
444 2768 590 2830 CCXVlll
628 2769 798 2844 „ineptum
836 2784 909 2828 esse
944 2769 1118 2839 Romanos,
1154 2785 1287 2843 quorum
1317 2767 1362 2828 in-

206 2877 323 2934 victam
346 2873 493 2932 virtulem
517 2877 614 2947 poeta
636 2872 796 2940 celebret,
827 2871 1002 2945 comparari
1033 2889 1101 2932 curn
1131 2870 1273 2946 Spartis‚
1306 2871 1361 2946 qui

208 2983 353 3038 conserta
382 2992 472 3034 manu
504 2973 583 3032 victi
612 2973 850 3032 occubuerint.“
905 2974 945 3033 At
976 2974 1110 3033 calidius
1141 2973 1252 3033 initum
1287 2989 1361 3034 esse

208 3079 375 3158 consilium
406 3083 439 3136 et
468 3075 659 3136 Claudianus
688 3074 889 3134 manifestum
922 3077 998 3136 lacit
1020 3073 1066 3137 rr.
1092 3078 1123 3135 C.
1146 3075 1215 3136 Stil.
1239 3077 1260 3134 l.
1286 3078 1363 3135 315:

207 3182 290 3242 unde
320 3180 406 3240 rudis
437 3165 656 3238 tanto'tirone
683 3175 832 3247 juventus
854 3178 1030 3239 Emicuit
1060 3179 1218 3253 senioque
1248 3179 1363 3237 iterum

209 3289 359 3344 vernante
391 3280 539 3341 resumsit
569 3277 671 3339 Gallia
699 3279 747 3340 bis
780 3279 894 3338 fractas
930 3281 1046 3356 Alpino
1081 3281 1213 3339 vulnere
1250 3277 1361 3340 vires?

208 3386 275 3446 Non
300 3401 360 3462 ego
384 3384 526 3452 delectu,
551 3383 638 3458 'l'yrii
664 3382 721 3441 sed
744 3397 873 3441 vomere
897 3383 1004 3444 Cadmi
1028 3384 1102 3442 'lam
1128 3373 1250 3442 suhites
1272 3384 1362 3442 acies

209 3495 378 3565 conceptas
408 3485 504 3546 dente
536 3485 682 3544 draconis
712 3484 950 3546 Exsiluisse
980 3494 1081 3546 reor·“
1111 3481 1210 3567 (arrad
1232 3487 1363 3545 ‘verbum

210 3592 370 3650 invenitur·
395 3587 543 3648 similiter
573 3585 710 3661 positum
735 3604 753 3646 a
776 3589 901 3646 Lucano
925 3587 974 3647 Vl.
999 3590 1070 3650 398.
1111 3586 1191 3647 Silio
1216 3588 1266 3646 lll.
1281 3589 1363 3670 βὸὃ.

208 3693 273 3751 Vll.
290 3693 340 3750 lo.
384 3691 548 3751 Ammiano
573 3688 665 3748 Marc.
682 3689 759 3748 Xlll.
778 3689 805 3758 1,
829 3689 877 3748 10.
906 3689 1028 3750 Isidoro
1051 3689 1129 3749 Vlll.
1145 3692 1174 3758 9,
1191 3691 1229 3750 35
1254 3709 1285 3765 p.
1300 3691 1361 3751 ato

210 3801 241 3852 et
264 3793 367 3853 Schol.
392 3794 505 3852 Lucan.
528 3793 549 3850 l.
573 3793 634 3851 6ῧῖ
658 3793 754 3866 psa.
789 3792 876 3851 Walt.
901 3795 1023 3853 Lucrel.
1048 3795 1069 3852 l.
1097 3793 1154 3852 188
1185 3790 1290 3876 pld)
1322 3792 1359 3853 cl.

93 3907 96 3914 ’
208 3897 303 3956 Pisid.
326 3897 360 3955 B.
386 3899 478 3956 Avar.
501 3896 578 3954 214:
622 3889 690 3954 ἐπεὶ
720 3894 755 3955 δὲ
783 3890 898 3956 λοιπὸν
926 3893 1034 3976 οἵσπερ
1068 3891 1103 3957 οἱ
1129 3894 1232 3974 μῦθοι
1262 3891 1363 3957 πάλαι

212 3994 296 4072 Τοὺς
315 4006 452 4078 γηγενεῖς
473 3993 647 4060 πλάττουσι
669 3992 743 4070 τοὺς
762 3994 1022 4079 ψεαδοσπόροος,
1048 3999 1111 4071 Τῆς
1127 3989 1214 4079 γῆςὸ
1232 3994 1363 4080 πυθμὴν

208 4094 389 4180 βαρβάρους
410 4091 576 4163 αῗνέννλασε.
600 4098 733 4159 Manass.
760 4101 873 4160 Chron.
890 4102 988 4160 5595:
1011 4102 1065 4178 agol
1089 4097 1178 4173 λήϊον
1199 4090 1367 4179 ἐνέβαινεν

209 4193 354 4284 ἆνεικρῦς
377 4203 535 4282 βασιλέων
564 4195 606 4276 ὡς
635 4196 708 4273 τοὺς
738 4195 910 4283 Σπαρτοὺς
945 4195 1019 4272 τοῦς
1046 4207 1184 4278 γηγενεῖς
1210 4191 1227 4259 ὅ
1256 4202 1364 4280 μῦθος

209 4297 400 4372 ἀναπλάττει
425 4311 518 4364 etex
545 4319 582 4362 ea
605 4319 639 4362 re
665 4304 871 4379 intelligitur,
896 4302 978 4374 quod
1006 4304 1045 4362 ab
1070 4302 1263 4362 excellentia
1283 4304 1366 4364 belli.
