3030 4984
768 367 831 440 tto

225 543 321 615 Quam
343 559 455 604 vocem
480 543 659 604 invenimus
682 533 772 620 apud
790 541 994 604 Claudianum
1007 541 1090 604 Hali.
1107 543 1184 602 138:
1215 542 1295 604 satis
1319 544 1379 603 in-

224 646 374 706 dultum
397 645 520 705 studiis.
566 645 678 706 Avien.
701 647 785 706 Anat.
810 645 926 706 Phaon.
952 646 1026 704 110:
1051 661 1154 706 rerum
1176 661 1298 705 memor
1321 647 1380 705 in·

224 748 431 810 dullarum.
454 748 542 825 Eleg.
567 747 607 808 de
629 748 704 808 Huc.
722 749 777 811 39:
807 763 883 822 spes
907 746 1064 807 indulta
1085 746 1226 823 rapinae.
1267 747 1380 808 Avian.

224 851 313 910 XXX.
338 852 372 910 b:
412 850 553 911 Perdidit
583 849 771 910 indultae
808 849 948 926 pertidus
986 850 1072 909 auris
1101 867 1190 909 onus.
1226 849 1381 910 Ammian.

224 951 476 1022 Marc.XXlX.2,
491 952 544 1012 18:
568 952 749 1013 informatio
773 952 984 1014 doctrinarum
1008 967 1139 1012 munere
1162 953 1299 1013 coelesti
1322 953 1379 1011 in-

225 1055 337 1116 dulta
366 1055 524 1116 felicibus.
564 1054 641 1114 XlV.
660 1054 739 1125 1‚t:
769 1055 900 1115 licentia
930 1053 1179 1114 crudelitati
1211 1054 1379 1113 indulta.

225 1157 344 1218 Paulin.
366 1158 466 1236 Epist.
489 1157 529 1218 ad
543 1158 660 1218 Auson.
678 1157 699 1216 l.
723 1175 754 1232 p.
768 1157 839 1218 lli.
863 1157 902 1216 B:
926 1156 1087 1232 Fundique
1112 1174 1225 1216 munus
1248 1171 1378 1216 munere

126 1293 129 1300 ·
226 1259 426 1321 indultum
447 1261 533 1322 dei.“
568 1258 674 1320 Sidon.
698 1257 838 1338 Apollin.
862 1258 917 1335 Ep.
942 1258 991 1316 lV.
1016 1259 1071 1338 24:
1106 1257 1284 1318 indultis
1314 1263 1378 1318 tan-

225 1361 328 1440 tisper
350 1362 486 1424 induciis
510 1363 548 1421 cl.
572 1362 700 1423 Ettnren.
727 1360 811 1421 Grat.
835 1362 902 1420 Act.
918 1361 948 1430 2,
964 1362 992 1419 2.
1036 1360 1076 1420 Ut
1103 1360 1209 1420 simile
1234 1360 1276 1420 sit
1301 1360 1379 1420 illud

226 1465 285 1525 lnc.
307 1465 421 1542 Paneg.
444 1463 524 1525 Max.
547 1469 579 1522 et
602 1465 760 1524 Constant.
776 1466 804 1532 4,
823 1462 855 1522 1:
880 1479 1107 1523 concessae
1130 1462 1269 1522 aetati
1295 1461 1378 1522 volu·

225 1573 360 1643 ptates“
385 1563 574 1648 (Schulting.
598 1565 725 1637 Quintil.
744 1565 834 1626 Decl.
849 1564 1003 1625 CCCLVH
1027 1582 1056 1641 p.
1074 1562 1168 1648 149),
1192 1581 1380 1640 quamquam

226 1657 463 1745 ombigt'posse
486 1687 546 1728 non
571 1668 691 1728 infitior
711 1665 897 1738 juveutane
926 1667 1023 1728 scribi
1047 1674 1186 1743 praestet
1211 1664 1379 1745 (ammian.

228 1777 260 1831 et
282 1771 400 1831 Paulin.
424 1772 455 1830 ll.
472 1770 521 1829 dd.
555 1770 648 1845 Thys.
673 1768 752 1828 Gen.
777 1769 875 1830 Praei.
900 1788 928 1846 p.
945 1771 982 1830 2:
1013 1770 1136 1830 animus
1161 1769 1378 1831 interstitione

227 1874 334 1949 aliqua
355 1873 555 1950 negotiorum
584 1872 656 1932 data
685 1871 785 1932 laxari
815 1872 1096 1950 indulgerique
1119 1873 1310 1949 potuisset“
1341 1873 1377 1938 cl.

226 1976 293 2036 Val.
315 1977 415 2036 Flacc.
437 1973 472 2033 H.
497 1973 566 2034 356.
601 1973 732 2034 Martial.
754 1975 774 2032 Ι.
798 1974 869 2044 165,
889 1975 917 2034 3.
950 1975 1051 2035 Pacat.
1074 1975 1145 2034 Pan.
1171 1975 1221 2044 32,
1242 1976 1271 2034 3.
1307 1977 1378 2035 'ler-

226 2079 347 2139 tullian.
369 2077 474 2138 Pudic.
500 2078 513 2137 l
540 2081 635 2136 exn.:
665 2075 812 2146 crimina,
838 2093 919 2151 quae
943 2095 1004 2137 non
1029 2057 1157 2154 capiunt
1180 2077 1379 2154 indulgeri“,

225 2179 486 2257 quemadmodum
509 2177 591 2252 apud
615 2177 728 2238 Silium
752 2183 802 2237 est
824 2177 887 2238 VH.
913 2180 990 2240 284:
1026 2179 1135 2240 Pacem
1165 2184 1285 2240 nocte
1315 2180 1378 2240 da·

226 2290 300 2344 tam
323 2281 508 2342 mortalibus
530 2279 616 2341 orbis
632 2278 790 2365 agebat“)
813 2299 851 2342 an
876 2282 1096 2358 indulgens
1120 2277 1171 2363 (cf.
1188 2281 1265 2342 Stat.
1281 2282 1377 2341 Theb.
1505 2323 1506 2380 ]

227 2386 277 2447 tv.
291 2386 351 2446 836
375 2383 599 2463 indulgent.
622 2383 805 2460 Bartbopt.
821 2383 1377 2468 immulcent)juventae(Burm.

229 2489 310 2550 Grat.
326 2489 387 2550 296
410 2504 439 2562 p.
455 2487 526 2547 201.
562 2488 642 2547 Cort.
659 2487 772 2546 Lucan.
786 2484 835 2544 IV.
852 2487 911 2546 664
937 2506 966 2564 p.
983 2488 1053 2549 632.
1083 2486 1167 2547 Suet.
1192 2486 1298 2548 Claud.
1326 2489 1379 2548 ld:

228 2592 353 2669 parcius
389 2591 599 2652 aetatulae
629 2586 918 2671 indulgerem).
971 2591 1117 2651 Proxime
1147 2591 1187 2650 ad
1215 2590 1380 2652 Horatium

227 2695 379 2756 accedunt
402 2693 525 2753 Seneca
547 2693 616 2752 Tro.
640 2693 718 2753 250:
754 2692 947 2752 iuvenile
970 2692 1082 2753 vitium
1107 2700 1156 2752 cst
1179 2709 1293 2772 regere
1317 2712 1379 2755 non
1506 2729 1507 2740 .

228 2812 325 2875 posse
349 2796 509 2872 impetum.
552 2795 676 2856 Aetatis
701 2794 783 2856 alios
806 2794 942 2855 fervor
964 2794 1017 2854 hic
1040 2796 1161 2871 primae
1185 2799 1323 2873 rapit“
1348 2804 1379 2857 et

229 2901 420 2962 Claudianus
443 2901 476 2960 Β.
501 2900 569 2961 Cet.
594 2899 671 2961 tae:
702 2897 825 2960 calidae
850 2899 985 2974 rapuit
1006 2905 1039 2958 te
1061 2900 1218 2960 flamma
1237 2900 1378 2972 juven-

229 3014 293 3065 tae
318 2997 368 3085 (τό
392 2998 565 3083 ἐξημμένον
587 3001 640 3075 τῆς
662 2993 785 3077 ἡλικίας
812 2999 939 3076 Segaar.
964 3001 1059 3062 Clem.
1084 3004 1175 3064 Alex.
1199 3001 1232 3073 Q.
1255 3005 1292 3064 D.
1316 3003 1379 3064 S.8

227 3102 350 3186 6112)
388 3104 428 3164 cl.
457 3104 519 3164 Cic.
544 3103 615 3163 Sen.
635 3103 682 3173 13,
698 3105 745 3164 45.
785 3106 897 3163 Lucan.
912 3102 947 3161 H.
963 3105 1039 3164 557:
1073 3105 1266 3166 Fervidus
1300 3106 1380 3167 haec

228 3209 343 3268 iterum
366 3206 450 3265 circa
472 3204 659 3281 praecordia
682 3204 812 3281 sanguis
837 3203 1055 3277 Incaluit“,
1079 3208 1130 3267 cui
1144 3207 1298 3268 adhibere
1314 3209 1379 3269 Cal-

230 3309 375 3387 purnium
405 3306 469 3367 Ecl.
489 3306 526 3364 v.
549 3306 604 3365 22:
641 3305 768 3367 calidi
791 3307 943 3368 scintillat
966 3308 1103 3371 fervor
1125 3311 1272 3370 amoris“
1300 3310 1380 3387 iugit

229 3411 394 3471 Trillcrum
417 3427 446 3484 p.
461 3407 532 3470 266.
568 3409 735 3484 Discrepat
759 3409 858 3470 Silius
875 3408 896 3468 1.
920 3409 995 3471 tat:
1033 3410 1113 3472 Hinc
1140 3411 1263 3473 virides
1293 3415 1379 3474 ausis

230 3514 304 3574 anni
326 3513 534 3587 fervorque
558 3511 762 3572 decorus.“
791 3539 798 3544 ·
1327 3523 1332 3531 ¹

724 3744 888 3842 LXXlll.

313 3919 525 3992 anaunia,
552 3919 586 3982 11
618 3918 750 3996 legitur:

550 4021 655 4082 Ludo
679 4019 911 4101 tangatur-que
935 4041 1035 4086 senno

228 4126 383 4188 Savaroni
406 4125 533 4200 quidem
557 4123 637 4186 adeo
667 4125 706 4185 ad
729 4123 971 4201 intelligendum
994 4125 1144 4198 difficile,
1174 4133 1209 4188 ut
1232 4129 1380 4206 latiga-

230 4235 306 4288 tum
344 4230 604 4302 interpretaretur
641 4243 714 4287 esse
750 4230 976 4287 recreatum
1014 4224 1137 4310 (Sidon.
1161 4230 1301 4307 Apollin.
1324 4229 1380 4307 Ep.

230 4330 279 4390 lX.
300 4331 335 4392 1³
361 4348 389 4407 p.
409 4329 496 4414 utta),
520 4328 803 4392 altlitscherlichio
818 4328 947 4390 Homeri
973 4331 1212 4406 comparatione
1229 4333 1262 4391 ll.
1275 4332 1311 4392 X.
1326 4333 1380 4392 98:
