3026 4988
785 341 850 411 teu

241 513 386 578 cantandi
410 513 440 573 in
465 511 569 588 epulis
592 528 710 573 morem
741 512 803 572 sibi
827 514 1066 574 collaudandum
1090 517 1294 590 sumpsisset.
1350 521 1403 581 Ex

241 635 303 694 quo
333 616 416 678 enim
446 619 630 692 argumento
658 616 719 674 hoo
747 630 870 675 carmen
900 623 1008 692 aptum
1038 617 1095 686 sit,
1130 618 1272 690 pervidit
1305 629 1404 682 acuta

240 735 329 780 mens
352 715 546 791 Bernhardyi
568 714 648 776 llist.
672 716 758 776 Rom.
781 717 854 778 Litt.
880 735 907 792 p.
923 719 960 776 11
987 720 1139 778 1161118.
1165 720 1214 779 ed.
1239 740 1285 796 pr.
1310 723 1401 783 Haeo

241 821 368 898 quidem
401 817 553 878 adversus
583 817 833 894 Peerlkampium
863 816 956 888 hujus
993 820 1178 880 mutationis
1216 841 1403 884 suasorem:

240 923 356 982 ducere
380 925 551 979 cantes“
580 919 741 996 disputata
770 936 806 979 66
837 909 1019 995 singulatim
1042 922 1178 981 collecta
1206 930 1239 983 et
1264 911 1401 986 investi-

240 1029 313 1102 gata
341 1021 389 1082 sio
411 1021 634 1096 proposuimus
657 1022 756 1080 Theb.
778 1021 885 1080 Parad.
911 1021 1025 1080 Coroll.
1050 1022 1132 1082 llllll
1163 1025 1398 1100 6111-111

241 1144 302 1188 non
318 1124 464 1201 indigna,
486 1139 567 1198 quae
588 1121 662 1182 stilo
681 1127 919 1199 repeterentur,
942 1129 1110 1199 postquam
1126 1127 1283 1200 quaedam
1298 1131 1400 1190 Lueb·

239 1229 336 1289 herus
367 1241 475 1302 parum
505 1223 675 1301 perspicue
699 1230 731 1283 et
753 1223 886 1284 definite
915 1223 1024 1284 retulit
1047 1226 1328 1304 Baumstarlriique
1351 1231 1399 1290 in-

240 1328 441 1407 telligentiae
463 1327 544 1387 Aett.
567 1327 640 1386 Litt.
663 1325 788 1385 lenens.
815 1327 893 1386 1811
918 1343 949 1401 p.
966 1326 1045 1386 1133
1070 1327 1187 1389 offecit.
1235 1329 1319 1400 Quid
1333 1331 1397 1402 jam

241 1432 343 1493 dicam
365 1430 405 1489 de
425 1427 575 1497 Lebrsio,
600 1427 654 1502 qui
677 1427 761 1488 omni
785 1427 825 1486 de
847 1428 1001 1497 carmine,
1026 1429 1111 1503 quod
1132 1431 1177 1490 ait
1201 1447 1277 1491 esse
1301 1433 1398 1510 longe

239 1532 476 1599 difficillimum,
500 1530 648 1590 subtilius
673 1528 844 1604 quaerendi
867 1547 941 1589 eura
964 1531 1082 1591 omissa
1106 1538 1137 1591 et
1160 1548 1274 1593 versus
1292 1535 1397 1595 5—12

240 1655 259 1698 a
281 1632 462 1712 praestituti
491 1632 599 1708 operis
632 1632 730 1692 tonna
753 1631 969 1691 alienissimos
996 1630 1151 1702 judicavit
1179 1651 1208 1710 p.
1233 1635 1329 1695 XLVI
1353 1644 1396 1706 et,

239 1746 273 1799 ut
303 1737 366 1797 alia
395 1734 522 1810 incepta
551 1739 763 1810 praeteream,
793 1733 1038 1804 dubitationem,
1074 1751 1166 1808 quam
1198 1737 1395 1814 Bernaysius

241 1839 410 1912 injecerat,
440 1837 488 1896 sio
518 1836 690 1896 tollendam
719 1836 842 1912 putavit
873 1836 891 1894 l.
910 1835 937 1894 d.
969 1842 1000 1895 et
1029 1851 1058 1910 p.
1078 1837 1133 1906 18,
1168 1844 1204 1897 61
1238 1838 1277 1899 ad
1314 1841 1396 1901 hunc

242 1945 356 2003 statum
379 1941 483 2017 ipsum
507 1937 699 2014 principium
722 1943 939 1997 revocaretur:
974 1937 1072 2007 Quem
1099 1939 1196 1998 virum
1220 1946 1274 1999 aut
1296 1942 1397 2002 heroa

240 2047 308 2120 lyra
336 2043 387 2101 vel
417 2041 482 2101 acri
510 2040 602 2099 Tibia
633 2030 764 2099 sumam
793 2040 970 2108 celebrare,
1003 2035 1097 2099 Clio?
1129 2075 1170 2084 -
1201 2041 1283 2111 Quid
1307 2044 1395 2118 prius

241 2146 366 2205 dicam
389 2141 494 2201 solitis
517 2140 658 2215 parentis
681 2137 895 2200 Laudibus?“
947 2140 1098 2216 Ceperat,
1133 2139 1247 2213 credo,
1279 2150 1394 2204 utrum-

241 2262 302 2322 que
325 2243 445 2304 oblivio
469 2241 621 2301 Martialis
643 2242 678 2300 ll.
706 2245 754 2312 19,
780 2245 814 2302 3:
837 2261 899 2303 uon
924 2243 1108 2302 rusticulum
1131 2243 1226 2304 nimis
1251 2246 1393 2306 libellum

239 2347 383 2409 Facundo
407 2343 623 2413 meal'linio,
646 2345 808 2414 Thalia,
832 2344 1115 2419 iperier-Tunc
1138 2361 1193 2404 me
1217 2348 1271 2406 vel
1294 2347 1388 2423 rigidi

240 2457 346 2530 legant
370 2451 534 2511 Catones“
559 2454 590 2507 et
613 2446 761 2518 aliorum,
785 2465 865 2522 quos
887 2447 1077 2508 contulimus
1091 2447 1217 2518 Quaest.
1236 2448 1389 2510 deTanu-

241 2560 290 2619 sio
315 2553 448 2617 Gemino
466 2551 515 2610 lV.
538 2568 569 2627 p.
587 2553 624 2611 31
650 2557 682 2610 61
705 2551 781 2610 Stat.
806 2550 943 2622 Conject
960 2552 1008 2610 lV.
1032 2569 1060 2626 p.
1082 2554 1139 2612 tte
1170 2569 1239 2612 eum
1263 2526 1388 2614 iimo-

241 2664 406 2720 oreonte
441 2672 489 2731 ap.
519 2655 596 2714 Plut.
627 2653 778 2712 Themist.
802 2653 839 2713 21
879 2653 953 2712 inl
989 2672 1018 2728 p.
1047 2654 1107 2714 eut
1144 2655 1274 2731 Bergk:
1321 2653 1390 2734 dyo

240 2757 272 2824 δ’
283 2755 485 2841 Ἀριστείδαν
507 2752 680 2817 ἐπαινέω
701 2791 742 2801 -
763 2751 832 2817 ἐπεὶ
856 2750 1075 2837 depromsit?
1095 2745 1229 2838 {xdop'
1248 2751 1392 2838 Ἐρατῶ

241 2862 273 2923 11
297 2867 345 2920 est
368 2875 438 2918 mea
459 2857 552 2918 Erato
577 2856 789 2938 (6111611161.
813 2856 936 2916 Vindio.
959 2856 1059 2916 Strab.
1083 2875 1112 2933 p.
1130 2856 1224 2939 110),
1251 2865 1286 2918 ut
1310 2874 1392 2917 mea
1497 2933 1498 2944 ἵ

241 2963 427 3035 Calliope
452 2960 614 3020 Columell.
637 2957 673 3018 X.
697 2960 768 3019 225.
793 2975 876 3019 mea
898 2959 1008 3019 Thalia
1032 2958 1164 3019 Martial.
1188 2961 1208 3020 l.
1227 2959 1272 3018 d.:
1297 2959 1329 3020 in
1354 2976 1391 3019 eo
1497 2947 1498 2954 '

239 3066 311 3124 1666
342 3064 426 3122 enim
453 3063 565 3131 Erato,
597 3062 630 3120 in
659 3062 719 3121 hoc
748 3061 816 3122 etio
848 3064 1084 3121 commemorari
1114 3068 1299 3137 argumento
1329 3079 1392 3122 ear-

238 3165 333 3226 minis
356 3163 550 3223 conveniens
574 3168 649 3222 6161.

759 3327 870 3424 txtt

322 3472 370 3534 De
393 3485 488 3530 versu
511 3467 546 3529 ll.
570 3471 621 3540 20,
648 3470 701 3532 te:

838 3587 894 3630 me
917 3570 1027 3652 peritus

465 3673 610 3733 Diseet
633 3674 721 3734 lber
743 3673 1017 3748 Rhodanique
1041 3681 1160 3751 potor

239 3779 318 3840 haec
347 3783 396 3836 est
423 3776 585 3835 doctorum
616 3773 780 3834 hominum
807 3773 946 3835 varietas
977 3783 1008 3836 et
1031 3776 1210 3845 dissensio,
1243 3783 1277 3836 ut
1301 3778 1394 3837 alteri

239 3880 412 3956 peritum
450 3874 589 3952 intelligi
618 3875 718 3934 velint
754 3882 806 3935 aut
838 3892 925 3947 eum,
955 3879 1010 3954 qui
1040 3877 1102 3948 jam
1132 3877 1255 3937 Horatii
1287 3885 1394 3940 aetate

240 3982 382 4044 excultus
406 3979 525 4040 artibus
549 3978 646 4038 luerit
671 3973 767 4058 (quae
784 3977 913 4038 Graevii
937 3978 1097 4039 sententia
1121 3986 1169 4039 est
1183 3978 1394 4040 etMitsoher-

238 4084 329 4145 lichii
352 4088 464 4157 atque,
496 4089 530 4141 ut
553 4081 695 4149 videtur,
732 4079 904 4147 Meineltii,
940 4080 1088 4155 llauptii,
1118 4081 1245 4141 Lehrsii
1275 4099 1305 4155 p.
1330 4082 1395 4140 XCI

238 4186 275 4243 of.
299 4184 489 4259 Bernhardy.
527 4181 606 4244 llist.
631 4183 718 4242 Rom.
744 4183 813 4242 titt.
838 4200 867 4257 p.
885 4183 924 4242 'tt
958 4179 1108 4264 116113),
1137 4189 1191 4242 aut
1220 4197 1306 4251 eum,
1340 4183 1395 4258 qui

238 4286 359 4344 tuturus
390 4284 431 4344 sit
461 4283 665 4361 legendorum
696 4284 865 4344 carminum
900 4282 1022 4357 peritus
1062 4283 1106 4357 (id
1138 4283 1220 4357 quod
1254 4288 1395 4344 statuunt
