3026 4988
695 319 760 392 128

138 495 200 576 μὲν
223 487 277 568 τὴν
298 485 447 573 πρόσθεν
468 486 657 570 θάλασσαν,
679 491 855 576 σκιρτῶντα
879 491 913 554 δὲ
932 483 1001 552 cirri
1016 491 1076 573 pir
1097 491 1303 576 δελφίνων

138 591 258 678 νεβρόν
288 602 318 655 el
346 594 449 656 Nouni
470 595 521 654 Vl.
545 596 624 657 257:
662 588 805 676 Ὗψῶθη
832 595 867 658 δέ
896 590 1050 660 θάλασσα
1080 599 1134 660 καὶ
1157 594 1203 670 εἷς
1224 590 1302 680 ὅρος

140 693 249 781 ὑψόθι
273 693 393 778 λόχμης
414 699 450 758 Ν
456 697 613 776 upside:
639 693 791 778 γεγάασιν
812 691 1021 779 Ὀρειοῖδας
1042 731 1083 742 -
1111 699 1175 760 Καὶ
1198 697 1302 772 ξυνοῖς

139 794 313 884 ῥοθίοισιν
334 787 542 879 ὄροσσιχύτον
565 807 708 882 νιφετοῖο
732 793 834 882 Θῆρτς
856 796 1074 862 ἐναυτίλλοντο
1101 796 1158 864 σὺν
1179 796 1302 882 ἰχθύ-

140 925 212 968 σιν
234 903 272 962 cl.
296 901 395 961 Rufio.
418 900 522 978 Epigr.
547 901 622 960 XIV.
648 905 680 962 5:
717 894 883 982 Βοσαὴσει
912 901 1059 983 διλφῖνας
1088 895 1300 984 ὃδτνθρο-

140 993 531 1086 κόμηςἜρῶμανθος
552 1004 617 1065 Καὶ
640 999 758 1066 πολιὸν
779 997 900 1066 πόντον
923 1005 1024 1084 κῦμα
1046 999 1131 1076 θοὰς
1153 999 1300 1086 ἐλάφους.

141 1106 349 1169 Claudiau.
373 1104 462 1166 Prob.
487 1111 519 1163 et
542 1105 647 1180 Olybr.
674 1105 749 1166 lea:
785 1109 868 1166 Ante
899 1105 1014 1167 dabunt
1038 1107 1161 1166 hiemes
1184 1106 1299 1174 Nilum.

142 1228 203 1288 per
226 1207 395 1268 llumiua
417 1206 554 1267 damae
584 1207 762 1270 Errebunl“
795 1203 904 1288 (quem
928 1208 1056 1282 quidem
1079 1209 1182 1269 locum
1204 1209 1298 1268 Lehr-

142 1312 213 1372 :ius
236 1330 266 1386 p.
282 1307 380 1368 XXIX
402 1309 462 1368 liae
476 1307 656 1385 corrigendi
674 1308 812 1369 ratione:
835 1308 949 1369 dabunt
973 1309 1096 1370 hiemes
1119 1309 1298 1370 violam‘⁴

139 1413 284 1492 graviter
308 1409 447 1485 corrupit
472 1410 527 1468 ille
551 1407 677 1485 quidem
698 1411 889 1471 novitiorum
903 1415 1066 1486 poetarum
1082 1409 1190 1471 verius
1207 1427 1297 1485 quam

140 1522 287 1575 veterum
316 1526 434 1571 morem
468 1512 643 1571 aemulatus
679 1518 775 1587 atque
804 1519 838 1573 ul
869 1512 1004 1573 fortasse
1036 1512 1198 1587 Calpurnii
1233 1512 1297 1572 Ecl.

139 1616 220 1676 Vlll.
246 1617 285 1675 18
315 1629 453 1683 memor,
484 1614 528 1672 ila
556 1614 643 1674 nulle
665 1613 800 1675 imbutus
831 1613 1015 1691 cognitione
1036 1614 1174 1676 Licentii
1198 1615 1297 1675 Carrn.

140 1716 455 1794 edAugustin.100:
479 1717 560 1776 Ante
573 1715 689 1776 dabunt
705 1715 851 1776 imbres
868 1715 1015 1785 Nilum,
1032 1732 1127 1792 super
1149 1732 1296 1792 aequo-

140 1840 184 1882 ra
217 1819 355 1878 damae
385 1816 622 1886 Errabunt“,
657 1817 697 1876 de
729 1832 791 1891 quo
823 1817 939 1876 dictum
970 1825 1019 1878 est
1042 1819 1131 1895 Valg.
1156 1837 1184 1894 p.
1210 1818 1297 1902 lat).

139 1925 253 1997 ltaque
276 1919 410 1996 primum
433 1919 511 1978 salis
535 1917 700 1993 apperuit,
728 1917 841 1992 quibus
871 1935 975 1980 rerum
999 1920 1155 1996 exemplis
1179 1928 1296 1997 poetae

140 2024 297 2098 deinceps
327 2021 378 2080 usi
408 2020 471 2080 sint
502 2026 658 2095 tamquam
687 2020 904 2082 translaticiis.
960 2020 1085 2082 Deinde
1113 2035 1188 2082 vero
1218 2021 1298 2081 illud

140 2125 235 2186 nobis
260 2121 430 2199 permirum
453 2121 583 2182 accidit:
615 2137 708 2196 quem
731 2128 892 2181 auctorem
917 2137 1062 2183 versuum
1085 2123 1296 2184 insiticiorum

141 2227 205 2288 sibi
229 2227 324 2286 homo
354 2223 558 2283 doctissimus
586 2223 695 2292 finxit,
725 2239 796 2283 eum
826 2242 888 2284 non
917 2225 978 2285 hoc
1002 2227 1167 2286 verborum
1196 2242 1297 2303 genus

142 2329 299 2405 probasse
323 2332 355 2384 et
378 2325 571 2394 adscivisse,
604 2325 688 2400 quod
711 2331 742 2384 et
765 2325 985 2401 grammaticos
1008 2327 1077 2387 veri
1109 2329 1296 2403 expulsores

142 2435 283 2490 sectatos
313 2442 387 2486 esse
418 2431 541 2486 constet
572 2433 602 2486 et
633 2428 730 2502 probe
761 2441 858 2486 nosse
887 2425 991 2501 ipsum
1021 2443 1092 2488 eum
1122 2427 1296 2498 videamus,

142 2533 197 2607 qni
221 2529 353 2591 Horatio
377 2528 543 2604 pristinum
575 2529 672 2588 decus
703 2529 886 2590 restituisse
916 2530 979 2590 sibi
1009 2530 1135 2590 videtur
1165 2532 1244 2590 haec
1264 2532 1296 2591 in

142 2635 245 2712 primo
282 2633 363 2692 libro
394 2637 605 2690 commentus:
642 2632 826 2707 templaque
860 2633 1097 2702 casta2,1ll.
1142 2635 1232 2694 luce
1255 2667 1296 2677 —

141 2739 292 2796 humeros
316 2733 449 2794 amictus
474 2733 522 2794 al.
569 2750 667 2793 arvo
689 2740 837 2810 negata
862 2733 910 2794 52.
957 2735 1062 2794 Venus
1085 2735 1191 2796 levis
1212 2738 1241 2806 1,
1268 2739 1295 2798 5.

142 2845 274 2899 rnanet
298 2854 361 2897 nox
376 2836 423 2895 16.
458 2853 516 2896 nos
539 2835 631 2915 decet
653 2834 822 2894 Euhium
845 2836 1008 2911 plectro
1032 2837 1173 2897 ludere
1197 2837 1294 2899 Teio
1415 2879 1417 2882 -

142 2943 172 3012 e,
194 2942 244 3000 19.
280 2939 373 2998 divo
397 2937 477 2997 duee
501 2940 531 3006 1,
555 2938 605 2997 21.
639 2937 789 3002 utilius
815 2937 864 3008 11,
890 2939 916 2997 3.
952 2954 1106 3012 quaerere
1129 2943 1297 3016 publica

143 3045 192 3113 19,
218 3044 265 3104 12.
318 3055 525 3101 amoenum
554 3054 678 3099 carmen
709 3040 759 3107 32,
795 3040 831 3109 3,
870 3039 928 3098 sed
961 3056 1056 3100 voces
1086 3041 1118 3102 in
1149 3050 1295 3119 promptu

141 3146 259 3204 habere
283 3141 414 3202 minime
438 3141 549 3202 obvias
574 3148 606 3200 et
629 3141 824 3201 illaboratus.
877 3141 923 3205 En
946 3160 1008 3218 quo
1041 3143 1125 3204 enim
1149 3146 1295 3220 exemplo

140 3246 268 3306 ductum
307 3244 448 3304 dicemus
481 3259 554 3304 esse
592 3243 672 3304 illud
700 3243 980 3319 superjectum
1011 3244 1154 3322 aequor?
1207 3247 1296 3319 Quod

141 3365 234 3424 qnmn
261 3348 295 3404 V.
313 3348 351 3407 D.
382 3363 432 3421 ap.
456 3347 602 3406 Leutscb.
632 3346 696 3406 lnd.
726 3347 838 3406 Philol.
860 3346 896 3406 ll.
923 3349 939 3406 3
971 3362 1000 3421 p.
1019 3348 1078 3408 150
1111 3365 1212 3425 nuper
1243 3367 1295 3409 vo-

140 3450 236 3510 luerit
267 3447 406 3525 intelligi
435 3463 557 3523 aequor
586 3450 689 3508 ulmo
721 3446 1002 3524 superiectum
1032 3443 1110 3528 (quo
1141 3467 1295 3511 concesso

141 3551 301 3629 quomodo
323 3550 386 3622 jam
409 3550 532 3610 senties
555 3551 596 3610 de
618 3549 758 3625 piscibus
780 3551 811 3609 in
834 3549 1007 3626 ulmo-ipsa
1021 3549 1168 3610 fluctibus
1184 3552 1297 3613 obruta

139 3650 407 3735 haerentibus‘l),
445 3651 517 3729 ipse
554 3652 691 3713 fortasse
729 3652 824 3727 panio
855 3652 973 3712 rectius
1010 3651 1201 3726 interpretor
1231 3653 1296 3714 dici

141 3773 242 3826 mare,
273 3761 308 3815 ut
338 3741 481 3815 Sallustii
506 3755 612 3815 verbis
642 3754 719 3814 Hisl.
738 3753 786 3814 lli.
810 3769 840 3828 p.
858 3756 917 3815 966
947 3761 1034 3825 utar,
1065 3755 1294 3816 immensum
1324 3743 1327 3751 Α

140 3865 301 3920 auctum
323 3857 423 3918 fretus
447 3856 603 3934 exemplis
627 3855 788 3932 Calpurnii
811 3856 873 3920 llcl.
887 3856 937 3916 lv,
958 3858 1032 3917 103:
1068 3857 1232 3933 AdspiciS,
1262 3863 1297 3917 ut

139 3967 270 4020 teneros
295 3959 418 4019 subitus
440 3958 532 4035 vigor
555 3958 674 4018 excitet
697 3975 796 4036 agnos
819 3958 923 4040 thue
943 3958 1170 4034 superfuso
1193 3960 1295 4037 magis

140 4065 237 4124 ubera
259 4063 343 4122 lacte
365 4057 589 4138 graventur‘l“
614 4067 645 4120 et
668 4061 826 4122 Ammiani
849 4060 940 4122 Mare.
963 4060 1167 4132 XXll.15,i:
1194 4061 1295 4121 Etesi-

141 4182 226 4224 arum
257 4162 418 4224 eontinuis
447 4163 573 4224 flatibus
602 4161 834 4239 repellentibus
867 4159 933 4232 ejus
962 4167 1100 4220 meatum
1122 4161 1295 4225 velocitate

142 4265 283 4328 cohibita
321 4264 570 4342 superfusis·
598 4265 800 4328 fluctibus
835 4262 1044 4328 intumescir‘
1081 4258 1147 4343 (cui
1178 4263 1297 4327 similia
