3030 4984
684 338 742 407 171

140 530 208 570 mus
243 517 273 568 11
303 510 335 568 11
358 509 508 569 Emendd.
531 510 621 585 Prop.
638 511 660 579 l,
678 511 706 581 2,
739 526 799 584 qua
820 509 977 584 Propertii
1002 525 1126 568 versmn
1147 507 1241 577 lv.·u,
1256 511 1293 568 11

140 611 329 672 emendandi
362 612 456 685 copia
487 611 577 688 erit,
596 612 743 671 subtilius
768 608 995 693 exponemus),
1025 611 1166 669 Bacchus
1190 617 1293 669 autern

139 716 288 783 „Seras
326 720 364 771 et
404 713 546 772 ludos“
582 712 801 789 (8111111111
836 713 873 770 11.
900 710 1101 794 Ηο1.1.56)
1130 712 1293 772 domuisse

140 817 278 875 ourrrium
303 821 464 889 poetarum
489 815 678 874 carminibus
701 816 807 874 fertur.

616 1033 817 1129 LXXXVl.

225 1224 397 1283 Videamus
429 1223 523 1284 atium
554 1226 686 1298 reliqua.
733 1224 833 1293 „Post
857 1225 953 1292 deos,
986 1225 1088 1296 inquit
1113 1243 1140 1299 p.
1159 1225 1214 1294 18,
1239 1226 1314 1310 he·

139 1343 278 1401 roesque
303 1325 496 1385 collaudatos
521 1327 606 1385 viros
630 1325 823 1384 clarissimos
848 1343 929 1385 nona
955 1327 1086 1400 stropha
1109 1327 1294 1400 praedicare

141 1437 237 1504 poeta
262 1429 377 1496 voluit,
401 1435 434 1486 11
458 1435 556 1487 totam
580 1445 682 1486 rerum
699 1428 903 1488 Romanarum
925 1427 1107 1487 memoriam
1130 1445 1231 1502 usque
1255 1429 1294 1488 ad

139 1548 227 1590 suam
252 1536 388 1588 aetatem
415 1529 580 1614 deductam
605 1530 645 1587 iis
669 1529 864 1599 nonrinibus,
890 1530 1003 1604 mribus
1020 1531 1111 1602 qrrasi
1125 1531 1293 1605 primariae

138 1632 226 1691 urbis
259 1631 449 1704 imperiique
478 1637 512 1689 ut
543 1631 587 1690 111
610 1631 711 1690 dicam
736 1633 879 1706 epochae
909 1639 1202 1706 repraesententur,
1232 1640 1293 1692 tam

139 1736 235 1809 plene
260 1751 350 1808 qrrom
374 1734 513 1809 graviter
536 1734 804 1808 comprehendere
829 1734 1004 1792 videatur.“
1057 1733 1143 1802 Quae
1168 1735 1294 1809 quidem

141 1837 185 1894 111
214 1838 253 1894 ab
276 1835 413 1910 llanptio
444 1836 599 1910 disputari
632 1835 688 1893 ille
713 1835 870 1904 meminit,
904 1853 960 1894 nos
985 1836 1030 1894 ita
1052 1836 1212 1910 disputata
1236 1837 1295 1896 sci-

139 1956 207 1996 mus
242 1956 261 1996 a
291 1940 477 1997 Buttmanno
513 1945 544 1996 et
573 1938 719 1997 Paldamo
749 1940 829 1996 Actt.
859 1925 910 1996 ad'
930 1937 1034 2011 Antiq.
1071 1938 1150 1996 stud.
1182 1919 1295 2013 pertin.

142 2041 222 2099 1811
249 2059 275 2114 p.
297 2041 384 2099 113r.
431 2038 493 2098 Sed
517 2041 606 2114 plura
630 2039 669 2097 de
694 2037 834 2108 ejusdem
859 2037 989 2114 Hauptii
1019 2040 1178 2105 sententia
1193 2048 1295 2117 atque

140 2143 329 2202 auctoritate
359 2143 442 2201 idem
473 2142 716 2216 Heynemonnus
746 2147 985 2216 argumentatur
1017 2159 1045 2214 p.
1069 2143 1121 2202 18:
1162 2145 1296 2205 Tollitur

140 2245 281 2303 dilucida
312 2245 367 2303 illa
398 2250 429 2302 et
459 2245 598 2318 perlecta
631 2245 821 2319 epocharum
850 2242 1049 2314 distributio,
1080 2244 1108 2304 si
1139 2253 1211 2320 post
1241 2249 1295 2307 Ca-

141 2350 224 2413 tonis
250 2348 440 2405 alentionem
471 2346 511 2404 ad
542 2347 740 2421 superiorum
770 2353 943 2420 temporum
981 2347 1162 2408 memoriam
1191 2349 1295 2409 denuo

140 2449 293 2508 relabitur
317 2448 419 2506 oratio
444 2447 631 2522 praesertim
656 2449 718 2507 ista
741 2447 810 2506 rudi
833 2446 1057 2521 indigestaque
1080 2450 1164 2507 mole
1191 2467 1294 2510 exem-

141 2552 281 2624 plorum,
317 2565 397 2622 quae
431 2550 455 2607 X
485 2557 516 2608 et
546 2551 587 2609 Xl
617 2551 759 2624 strophis
795 2556 914 2608 temere
946 2551 1180 2622 profunduntur.
1231 2554 1294 2613 lmo

141 2653 270 2712 Catonis
301 2653 402 2712 nobili
433 2653 497 2711 leto
530 2654 679 2712 continuo
710 2651 904 2720 subjunctum
928 2658 1025 2726 poeta
1049 2670 1135 2712 suam
1159 2639 1295 2716 aetatem

139 2755 269 2824 uoluit,
287 2757 412 2815 scilicet
441 2771 522 2830 quae
554 2755 684 2817 liberam
710 2754 935 2829 rempublicam
960 2761 1069 2813 secuta
1092 2754 1149 2825 sit,
1182 2759 1293 2817 Caesa-

140 2859 290 2918 rianam.“
335 2839 363 2932 p'.
388 2859 441 2918 19:
478 2858 544 2918 lam
576 2874 651 2917 vero
681 2860 719 2918 ab
749 2856 891 2917 universi
921 2858 1069 2916 carminis
1104 2859 1212 2918 indole
1244 2861 1293 2918 rel

139 2961 275 3020 maxime
298 2963 462 3029 abhorret,
495 2961 578 3034 quod
601 2961 780 3028 Fabricius,
813 2960 941 3028 Curius,
967 2959 1115 3019 Camillus
1138 2968 1295 3036 tarnqnam

140 3067 250 3135 πενίας
271 3060 495 3145 κουροτρόφου
520 3065 666 3137 exempla
689 3069 914 3130 memorantur,
947 3080 1076 3136 quorum
1107 3065 1294 3125 anctoritate

140 3173 303 3243 parentem
335 3167 530 3226 fortitudinis
561 3173 778 3242 paupertatem
819 3182 891 3225 esse
922 3168 1153 3240 comprobetur.
1208 3167 1295 3237 Quod

140 3269 267 3344 quidem
297 3269 336 3328 ad
365 3269 482 3328 11111111
508 3268 614 3340 potius
645 3269 835 3326 rhetoricam
860 3270 909 3326 vel
936 3268 973 3326 ad
997 3286 1116 3328 morum
1142 3271 1295 3330 laudatio-

139 3387 211 3430 nem
235 3371 426 3446 pertinebit,
451 3371 482 3429 in
507 3371 568 3428 hoc
592 3376 679 3428 certe
702 3369 856 3435 carmine,
886 3385 947 3440 qcro
978 3370 1054 3426 clari
1084 3371 1145 3428 viri
1176 3373 1296 3444 simpli-

140 3475 220 3534 citer
244 3473 425 3540 laudantur,
462 3473 577 3531 nullum
603 3489 731 3547 prorsus
755 3471 858 3528 locum
883 3471 993 3536 habet,
1019 3470 1073 3526 sed
1098 3473 1295 3532 umbratilem

140 3592 176 3635 ao
200 3575 424 3634 scholasticam
448 3574 708 3634 exercitationem
727 3573 881 3630 redolet.“
907 3589 933 3644 p.
951 3573 1005 3630 20:
1030 3571 1220 3648 intelligitur
1238 3593 1295 3636 nec

139 3694 237 3754 posse
270 3678 330 3735 hos
362 3683 433 3736 octo
465 3693 576 3736 versus
606 3677 644 3734 ab
674 3677 746 3750 ipso
777 3675 914 3750 scriptos
944 3689 1017 3732 esse
1047 3681 1144 3746 poeta
1168 3681 1199 3732 et
1223 3691 1296 3732 essa

127 3766 197 3841 'eos
230 3781 422 3840 scholastico
454 3781 562 3839 colore
592 3779 636 3838 ita
665 3779 819 3848 inlectos,
849 3785 882 3836 nt
912 3779 950 3836 ab
983 3775 1089 3846 aliquo
1115 3778 1293 3852 rnagistello

139 3883 354 3960 arnplificandi
383 3883 485 3958 gratia
516 3884 596 3942 male
626 3882 730 3941 adsuti
763 3882 884 3954 liquido
919 3884 1151 3950 corrrpar·earrt.“
1195 3880 1294 3938 Vides

140 4004 232 4060 quam
269 3985 393 4044 fortiter
423 3986 450 4044 is
480 3987 628 4052 al'firmet,
668 3986 722 4058 qui
760 3999 819 4042 uec
856 3983 895 4039 de
926 3977 1120 4048 Quintiliano
1153 3988 1184 4038 et
1215 3983 1293 4042 Silio

140 4091 415 4157 commemoravit,
448 4104 576 4161 quorum
609 4085 663 4145 ille
693 4103 803 4144 versus
834 4085 872 4142 111
905 4099 972 4155 sqq.
1011 4081 1185 4142 testimonii
1225 4086 1294 4144 loco
1339 4139 1341 4142 ,

140 4191 261 4258 attulit,
287 4192 338 4249 hic
363 4208 402 4250 ex
427 4210 453 4247 r.
473 4192 509 4247 31
536 4188 666 4261 repetiit
691 4187 784 4246 illud:
812 4184 985 4259 Prodiga
1009 4201 1086 4260 gens
1110 4187 1293 4246 auimae“

141 4291 189 4376 (id
214 4294 297 4368 quod
328 4286 962 4369 11111111111111111ο111111111131111125
995 4303 1022 4360 p.
1040 4289 1099 4356 22,
1130 4291 1294 4368 confugit
