3026 4988
202 742 294 814 Quod
317 741 476 811 animus
499 736 642 798 consul
665 735 782 795 dicitur
802 735 852 794 111.
877 738 906 804 a,
931 735 987 796 39:

624 840 691 899 Est
714 837 972 898 animus-tibi

331 947 553 1018 Rerumque
576 943 758 1016 prudens
780 947 817 999 et
840 940 1033 1000 secundis

373 1047 641 1122 Temporibus
662 1042 885 1117 dubiisque
908 1050 1047 1102 rectus

289 1149 448 1209 Vindex
472 1163 620 1207 avarae
643 1145 799 1206 fraudis
823 1151 860 1202 et
882 1145 1101 1204 abstinens

286 1252 488 1313 Ducentis
513 1251 559 1310 ad
583 1265 625 1308 se
650 1255 793 1309 cuneta
822 1247 1022 1321 pecuniae
1174 1233 1178 1238 ⁵

330 1354 489 1432 donantque
512 1371 586 1412 nou
607 1352 729 1411 unius
751 1351 865 1418 anui,

372 1456 447 1515 Sed
472 1455 664 1530 quotiens
689 1455 816 1514 bouus
840 1460 964 1528 atque
986 1452 1096 1512 lidus

290 1558 415 1617 ludex
438 1557 654 1616 honestum
679 1556 882 1632 praetulit
904 1555 1003 1615 utili
1026 1563 1065 1614 et

289 1659 449 1730 Rejecit
472 1659 558 1719 alto
581 1659 684 1718 dona
707 1657 939 1718 nocentium

330 1762 466 1832 Vultu,
489 1777 560 1835 per
583 1763 798 1821 obstantes
822 1768 1010 1821 catervas

375 1864 591 1941 Explicuit
614 1882 685 1924 sua
708 1865 840 1925 victor
861 1882 983 1934 arma,

117 1968 148 2027 id
172 1967 426 2043 Peerlkampium
450 1973 482 2025 et
503 1967 670 2026 Lehrsium
693 2002 734 2010 -
757 1985 827 2027 nam
856 1968 938 2028 alios
966 1971 1107 2041 praestat
1137 1964 1268 2024 silentio

117 2071 290 2131 transmitti
319 2105 361 2114 -
389 2077 589 2131 transuersos
620 2071 703 2146 egit,
738 2077 772 2130 ut
802 2071 857 2129 ille
888 2071 971 2130 tacta
999 2086 1111 2134 versus
1143 2069 1180 2128 st
1210 2068 1269 2127 bac

118 2172 312 2233 mutatione:
332 2174 467 2235 ”Vindex
491 2189 624 2233 avarae
648 2189 689 2232 es
711 2173 896 2233 fraudis“
920 2189 1033 2233 versus
1056 2173 1196 2234 45-52
1224 2172 1269 2230 iu-

119 2276 283 2335 ducendos
307 2283 404 2351 atque
426 2277 602 2337 abolendos
627 2284 790 2348 censeret,
814 2277 865 2336 bic
888 2294 917 2351 p.
941 2274 1075 2336 CXXXII
1098 2277 1158 2336 hos
1181 2275 1270 2348 ipsos

118 2395 232 2437 versus
270 2385 409 2439 tueretur
444 2380 679 2454 renueretque,
716 2379 874 2452 superiori
911 2379 1010 2455 parti,
1047 2394 1139 2452 quarn
1165 2377 1271 2438 Peerl-

120 2480 270 2556 kampius
300 2483 578 2556 comprobaverat,
614 2483 736 2556 aliquot
765 2497 877 2541 versus
907 2487 1077 2556 excerptos
1107 2479 1271 2548 adimeret,

120 2583 264 2657 reliquos
292 2584 325 2643 in
354 2585 437 2644 hunc
460 2584 584 2644 modum
607 2585 784 2661 digereret:
827 2584 883 2643 Est
912 2584 1035 2644 animus
1063 2582 1123 2642 tibi
1146 2582 1271 2641 Vindex

119 2701 235 2746 avarae
267 2687 386 2746 fraudis
419 2695 451 2746 et
479 2687 641 2747 abstinens
669 2687 823 2748 Ducentis
852 2687 950 2746 adse
974 2692 1085 2745 cuneta
1114 2685 1271 2760 pecuniae

121 2788 299 2863 Rerumque
330 2789 468 2865 prudens
500 2796 532 2850 et
560 2790 709 2850 secundis
734 2789 943 2865 Temporibus
966 2788 1135 2863 dubiisque
1157 2792 1271 2846 rectus.

119 2890 187 2951 Non
218 2891 438 2964 possidentem
461 2903 534 2950 —.“
585 2893 757 2962 Crederes,
787 2893 814 2952 si
838 2892 914 2952 tatia
944 2907 1038 2952 curae
1067 2905 1141 2950 essa
1171 2891 1272 2950 scires

120 2994 190 3053 viro
220 2993 425 3065 doctissimo,
462 2997 546 3056 lecta
574 2997 613 3055 ab
644 3011 682 3056 eo
710 2997 812 3056 tuisse
846 2974 1004 3055 Sarbieuii
1032 2994 1145 3070 Lyrica
1163 2993 1213 3053 Ill.
1235 2993 1271 3053 18

121 3116 149 3172 p.
177 3097 253 3156 111:
299 3096 385 3157 llaec
415 3097 471 3158 1111
499 3099 604 3176 magni
636 3099 777 3174 pectoris
807 3099 933 3158 indoles
962 3098 1043 3158 Sese
1071 3099 1142 3171 ipsa
1170 3112 1273 3156 rerum

121 3198 268 3258 [luctibus
298 3199 393 3276 erigit
424 3201 587 3276 Curasque
617 3207 648 3260 et
678 3202 809 3262 alternis
838 3209 997 3262 natantem
1028 3201 1179 3261 Consiliis
1207 3199 1273 3258 ani-

120 3317 203 3360 mum
226 3301 391 3370 remiscet,
427 3303 585 3364 Vindex
619 3299 765 3364 avarae
799 3305 957 3364 fraudis
988 3310 1026 3362 11
1055 3301 1273 3363 abstinens

119 3403 285 3462 Lucrantis
315 3420 391 3464 auro
422 3421 519 3481 regna
554 3406 757 3482 pecuniae
786 3405 1013 3478 Rerumque
1047 3405 1186 3477 prudeus
1214 3419 1275 3462 nec

121 3511 272 3564 cruentae
305 3506 419 3567 Laudis
449 3508 535 3568 iners
564 3509 724 3584 animique
753 3516 878 3584 parca.“
930 3506 1044 3566 Verum
1066 3506 1123 3566 has
1148 3513 1273 3566 senten-

123 3607 202 3677 1111,
235 3625 317 3682 quae
348 3608 380 3668 iu
413 3612 586 3671 contrarias
624 3619 731 3687 partes
769 3611 936 3670 tendentes
967 3616 998 3668 et
1034 3608 1116 3669 inter
1152 3625 1188 3668 se
1218 3627 1275 3670 nou·

122 3716 215 3770 ceant
247 3717 277 3768 et.
308 3712 451 3787 ingentia
481 3711 612 3774 Horatio
650 3714 784 3774 interant
814 3715 941 3785 damna,
973 3731 1035 3774 non
1065 3715 1110 3773 ita
1139 3727 1275 3773 necesse

122 3819 170 3870 est
195 3811 340 3870 studiose
371 3815 467 3888 alque
496 3823 642 3875 accurate
667 3816 770 3876 refelli
801 3815 897 3890 idque
920 3832 959 3876 eo
983 3816 1103 3884 minue,
1135 3814 1220 3889 quod
1243 3819 1272 3873 et

121 3914 160 3974 ad
185 3914 357 3974 tollendam
381 3933 492 3976 vocum
516 3917 672 3977 animus
699 3919 841 3978 consul
864 3919 1039 3979 novitatem
1059 3923 1089 3976 11
1105 3917 1144 3978 ad
1167 3918 1270 3976 levan-

122 4016 191 4075 dam
216 4001 462 4086 alteramillom
480 4019 715 4089 difficultatem,
746 4037 838 4095 quam
861 4021 916 4079 his·
936 4019 1273 4080 ostendit-Peerlkam-

123 4119 212 4193 pius:
246 4118 369 4178 animus
396 4120 498 4179 v'ictor
528 4137 585 4180 sua
614 4139 718 4181 arm-a
749 4123 931 4197 explicat
955 4139 1016 4180 uon
1047 4119 1149 4197 magis
1173 4121 1273 4181 11111-

123 4220 194 4279 durn
220 4227 287 4288 est,
317 4238 408 4296 quam
439 4223 643 4298 superiora“,
673 4223 751 4282 satis
781 4229 847 4283 tuto
878 4224 1041 4298 perveniri
1069 4223 1212 4294 videtur,
1246 4225 1275 4284 si

123 4323 202 4382 haec
236 4339 341 4382 sumas
372 4323 473 4383 fuisse
508 4327 546 4383 ab
580 4325 710 4384 Horatio
744 4324 844 4385 dicta:
880 4326 974 4387 Lollii
1005 4326 1126 4386 animus
1160 4344 1275 4390 avarae
