3052 4996
822 349 868 416 211

268 525 402 599 Euripus
436 523 547 584 viridis
579 525 609 580 et
640 516 895 597 gemmeus‘l‘f
941 518 1003 579 Sed
1025 524 1166 593 praestat
1189 523 1358 582 absolvere
1383 523 1426 583 de

269 642 306 686 ea
329 625 469 695 ratione,
497 639 589 700 quam
614 622 689 681 olim
714 621 849 697 ingressi
874 639 1002 691 sumuS,
1033 638 1102 681 eum
1126 623 1156 682 in
1181 623 1304 684 Aetnae
1327 642 1426 685 versu

269 731 346 791 569:
372 742 546 788 eernere
569 724 674 799 quod
703 740 761 798 pro
791 740 1044 800 eernereqne
1074 730 1114 784 ut
1144 726 1343 787 inveterasse
1367 728 1424 789 do-

268 849 411 893 ceremus
434 832 530 891 Theb.
556 828 661 888 Parati.
687 827 708 886 Ι.
734 830 751 887 9
775 845 803 903 p.
821 829 869 888 st.
924 830 999 887 Tum
1030 829 1114 888 enim
1143 828 1346 890 intellexisse
1375 833 1423 892 vi-

268 935 418 993 debamur
443 930 539 1005 quid
564 926 667 1010 (codd.
686 929 816 1010 Blandi,
841 930 960 1004 quod,
985 947 1059 1004 quo
1084 937 1137 999 et,
1163 948 1321 1006 quoque
1345 935 1422 994 seri-

267 1043 353 1110 ptum
378 1050 451 1094 esse
474 1037 526 1093 aut
549 1048 606 1106 pro
630 1066 671 1074 -
695 1048 772 1107 que
795 1039 852 1102 ut,
888 1034 915 1092 si
939 1031 1070 1117 Horatio
1094 1032 1178 1091 idenr
1200 1033 1332 1095 licuisse
1355 1053 1421 1096 ore-

267 1138 317 1198 dis
347 1142 442 1212 atque
474 1135 614 1203 Catullo,
652 1133 809 1211 Virgilio,
846 1136 937 1204 aliis,
976 1152 1055 1208 quos
1085 1135 1246 1196 nominant
1276 1137 1421 1199 Gilanius

265 1245 388 1302 Lucret
413 1239 489 1299 Coll.
513 1254 542 1311 p.
567 1239 637 1299 298.
662 1237 1009 1316 sttttgiust'atutt.tt1.
1034 1238 1050 1295 3
1075 1255 1104 1312 p.
1119 1238 1168 1296 22.
1203 1240 1421 1301 Lachmannus

266 1343 354 1418 Prop.
379 1342 427 1401 lV.
453 1343 481 1412 2,
507 1342 541 1400 31
575 1342 689 1414 pata
712 1359 757 1416 sq.
810 1340 965 1415 Hauptius
997 1338 1061 1400 ind.
1092 1342 1191 1401 Leett.
1221 1343 1324 1402 Berol.
1349 1343 1420 1405 Hib.

268 1448 344 1507 1861
373 1461 403 1520 p.
421 1448 455 1504 61
475 1462 539 1518 sq.,
564 1449 618 1503 aut
638 1460 695 1517 pro
719 1477 760 1486 —
784 1460 859 1519 qne
881 1444 964 1515 ubi3
989 1443 1069 1503 nihil
1088 1444 1171 1503 enim
1185 1447 1420 1517 permutatione

269 1550 447 1609 vocularum
469 1554 510 1606 ut
534 1552 566 1604 et
584 1547 651 1605 ubi
671 1546 869 1620 frequentius
887 1547 982 1607 Drak.
994 1546 1061 1606 Liv.
1075 1545 1181 1605 XXIV.
1199 1548 1276 1617 15,1
1303 1564 1334 1622 p.
1349 1551 1422 1610 570.

265 1651 391 1712 Deinde
421 1666 516 1725 quum
544 1648 672 1708 minime
701 1648 833 1708 ferenda
863 1654 948 1707 esset
979 1649 1095 1708 inertia
1122 1650 1210 1709 voois
1241 1651 1363 1709 ramis
1388 1652 1422 1711 in

267 1760 440 1813 extremam
463 1751 654 1811 sententiam
677 1756 834 1820 semotae,
859 1750 1015 1824 suspicari
1039 1751 1137 1811 subiit
1161 1767 1199 1811 eo
1223 1755 1340 1813 erroris
1364 1770 1421 1830 ge-

266 1871 360 1925 nere,
384 1855 508 1928 dequo
534 1854 699 1927 copiosius
724 1853 935 1912 disseruimus
957 1853 1068 1912 Eleett.
1092 1853 1165 1913 Crit.
1190 1856 1254 1928 p.3
1278 1873 1334 1929 sq.,
1359 1874 1420 1917 ra-

266 1959 338 2018 mis
362 1958 476 2017 laetum
500 1972 589 2026 esse,
619 1955 702 2031 quod
726 1965 813 2014 esset
837 1955 954 2015 rimas
980 1956 1011 2014 in
1034 1957 1095 2014 hoe
1118 1957 1347 2017 sententiarum
1370 1977 1419 2018 or-

266 2061 340 2120 dine
365 2059 520 2133 positum:
550 2057 687 2118 Moriere
712 2072 770 2116 seu
791 2064 931 2117 moestus
964 2055 1067 2116 omni
1091 2063 1274 2130 tempore
1298 2061 1420 2119 vixeris

267 2164 336 2222 sive
360 2177 429 2235 per
451 2160 543 2218 dies
565 2160 577 2218 1
586 2166 698 2219 estos
723 2158 755 2218 in
778 2166 899 2220 remoto
923 2161 1065 2237 gramina
1080 2166 1112 2219 te
1125 2160 1249 2221 Falerni
1265 2162 1419 2222 interiore

267 2270 341 2324 nota
364 2263 479 2323 bearis.
525 2261 685 2321 Rimare
709 2261 822 2338 igitur,
853 2280 915 2337 qua
936 2263 1029 2336 pinus
1060 2269 1091 2322 et
1114 2264 1250 2336 populus
1279 2265 1420 2324 umbram

266 2366 459 2440 hospitalem
482 2365 666 2425 consociare
690 2371 795 2424 ament
824 2372 854 2424 et
879 2367 931 2426 ubi
956 2365 1086 2440 obliquo
1110 2365 1179 2424 rivo
1204 2365 1333 2440 lympha
1355 2373 1418 2426 tre-

264 2469 375 2542 pidare
389 2469 527 2528 laboret:
551 2467 680 2527 rimatus
700 2469 773 2537 huc,
796 2467 868 2526 dum
891 2483 947 2542 per
970 2484 1035 2527 rem
1060 2475 1090 2526 et
1113 2473 1250 2530 aetatem
1272 2470 1361 2540 lieet,
1386 2478 1419 2530 et

264 2577 426 2648 unguenta
457 2574 489 2630 et
519 2587 609 2630 rosas
640 2570 724 2629 ferre
744 2569 835 2641 jube:
871 2569 937 2640 Qua
961 2604 1001 2612 -
1023 2576 1153 2630 ament
1176 2570 1418 2645 Rimansque

264 2674 332 2733 nbi
347 2674 572 2734 —laboret.“
618 2671 770 2742 Quoniam
794 2678 899 2733 antem
923 2673 954 2732 in
978 2672 1076 2732 simili
1096 2673 1255 2734 sententia
1268 2675 1418 2734 Horatius

265 2775 347 2835 dixit
378 2777 530 2835 sectari
555 2775 575 2832 l.
607 2776 656 2845 38,
681 2777 717 2834 3:
757 2775 847 2835 hlitte
879 2776 1048 2845 sectari,
1084 2793 1157 2836 rosa
1185 2792 1246 2850 quo
1276 2777 1418 2836 locorum

265 2875 343 2937 Sera
365 2882 540 2946 moretur“,
570 2895 632 2937 nou
662 2877 746 2951 quod
774 2877 952 2937 invenimus
978 2877 1060 2952 apud
1091 2877 1255 2938 Sidonium
1278 2879 1417 2954 Apollin.

264 2978 319 3052 Ep.
344 2978 419 3036 112
452 2995 482 3052 p.
502 2979 576 3038 tot:
614 2980 752 3053 epistola
782 3015 822 3024 -
852 2984 951 3039 totum
981 2981 1089 3039 ruris
1121 2981 1243 3041 situm
1278 2983 1418 3042 sollicita

266 3081 467 3141 rimatur“
491 3081 527 3139 ei.
551 3081 657 3140 Barth.
680 3082 806 3141 Nemes.
830 3083 957 3157 Cynld
981 3099 1011 3157 p.
1029 3084 1098 3142 343.
1145 3085 1222 3144 Oud.
1238 3083 1416 3158 Aputhtet.

262 3183 299 3240 V.
324 3199 354 3257 p.
372 3182 444 3250 322,
469 3182 590 3242 animus
606 3198 645 3241 eo
662 3183 845 3254 inelinavit,
875 3191 910 3244 ut
932 3186 1063 3244 verbum
1086 3191 1117 3245 et
1141 3187 1216 3246 huie
1239 3186 1417 3261 proximum

265 3285 353 3360 (Oud.
377 3285 397 3342 l.
422 3284 450 3344 d.
476 3290 508 3342 et
531 3283 566 3343 ll.
591 3302 620 3358 p.
644 3286 696 3363 95)
719 3291 751 3344 et
774 3305 832 3346 usu
857 3286 981 3347 Horatii
1006 3289 1167 3365 cognitum
1192 3286 1255 3370 (lll.
1281 3291 1332 3359 25,
1361 3291 1416 3348 ll:

263 3386 341 3446 mihi
371 3386 465 3446 devio
501 3386 597 3459 Ripas
629 3395 660 3447 et
690 3395 823 3449 vacuum
858 3406 970 3449 nemus
998 3389 1104 3449 Mirari
1135 3391 1246 3452 libet.“
1275 3392 1325 3460 29,
1360 3392 1416 3451 11;

264 3489 381 3547 Omitte
405 3486 512 3546 mirari
535 3490 649 3549 beatae
665 3491 793 3550 anum
817 3497 848 3550 et
864 3507 942 3566 opes
966 3526 1007 3535 —
1030 3493 1176 3552 Romae“
1200 3493 1431 3554 oi.Claudian.-

263 3591 395 3650 arros.
410 3587 551 3649 111226ῑ
574 3591 655 3651 Dum
679 3593 748 3652 loca
770 3594 916 3664 miratur,
941 3594 1045 3655 studio
1069 3596 1140 3655 dum
1157 3597 1267 3673 flagrat
1283 3595 1413 3680 eundi“)

263 3693 334 3751 sive
358 3693 419 3752 sio:
442 3694 605 3763 umbram,
630 3711 743 3769 quam
764 3697 956 3770 hospitalem
980 3700 1110 3759 arbores
1135 3700 1335 3767 consociant,
1359 3698 1414 3757 mi-

263 3812 334 3855 rans
359 3800 391 3854 et
411 3800 444 3853 nt
467 3796 590 3855 laboret
612 3798 758 3874 lympha,
788 3806 948 3876 unguenta
978 3801 1077 3871 tene,
1101 3800 1205 3872 jube“
1235 3802 1303 3860 vel:
1340 3819 1413 3876 quo

262 3895 315 3977 (ef.
338 3897 464 3956 Adnott.
489 3896 565 3957 Stat.
595 3899 659 3959 Eel.
689 3902 744 3960 ult.
770 3903 810 3962 79
845 3919 874 3976 p.
902 3900 974 3986 126)
1009 3938 1049 3946 -
1078 3910 1208 3963 ament
1245 3904 1413 3964 mirans-

263 4014 338 4073 que
374 4007 415 4058 ιιι
437 4035 477 4044 -
500 4000 672 4061 laborent“
707 4003 777 4062 sive
812 4005 844 4064 in
882 4021 953 4065 eum
982 4004 1124 4074 modum,
1164 4020 1256 4079 quem
1293 4006 1413 4065 indicat

263 4106 357 4173 atque
381 4102 461 4162 adeo
486 4103 619 4177 imperat
641 4105 795 4166 Martialis
818 4108 838 4165 1.
861 4107 906 4166 d.:
931 4108 968 4167 in
992 4107 1173 4183 gramine
1196 4143 1254 4178 -—,
1278 4109 1414 4180 Qua-

264 4202 468 4264 excitatur
496 4206 643 4266 unda‘⁴:
