3052 4996
803 347 847 416 ta

394 521 475 582 lam
497 527 536 580 te
560 525 714 598 premet
736 538 825 580 nox:
850 519 1014 584 tabulae
1036 539 1130 600 neque
1153 520 1281 595 rubrae,

331 621 375 683 lit
398 621 533 683 domus
557 622 686 684 exilis
708 622 907 684 Plutonia

248 742 364 814 Quales
388 742 508 804 fabulas
532 743 671 820 intelligi
696 743 761 803 vult
784 742 908 803 Seneca
930 742 1021 801 Cous.
1044 741 1084 803 ad
1106 741 1196 802 Marc.
1217 741 1271 804 ts:
1296 743 1416 820 cogita

249 846 320 915 illa,
352 861 434 920 quae
459 846 551 906 nobis
575 846 695 906 interos
724 846 843 906 faciunt
874 844 1050 914 terribiles,
1088 844 1264 905 tabulam
1296 855 1413 906 esse“.

247 949 319 1008 Sen.
343 948 412 1007 Tro.
439 948 518 1008 tut:
543 949 670 1010 tartara
693 953 725 1007 et
747 961 864 1023 aspero
878 947 1020 1024 Regnum
1043 947 1099 1006 sub
1123 943 1250 1006 domino
1275 983 1319 993 —
1342 949 1411 1007 ltu-

245 1065 349 1110 mores
363 1051 455 1111 vacui
468 1051 626 1125 verbaque
640 1049 747 1110 inania
757 1048 794 1110 Et
808 1065 877 1126 par
893 1049 1035 1109 sollicito
1052 1048 1064 1106 1
1070 1048 1190 1108 abula
1206 1067 1319 1110 somn
1329 1051 1369 1110 io
1383 1060 1408 1089 ‘⁸

245 1156 282 1214 et.
313 1153 417 1215 Barth.
447 1151 607 1214 claudian.
639 1150 707 1212 Stil.
739 1151 786 1212 111.
811 1153 849 1212 11
888 1171 916 1228 p.
942 1153 1013 1212 2115.
1073 1152 1174 1211 Burni.
1203 1150 1330 1213 Petron.
1362 1156 1408 1214 16

246 1277 275 1336 p.
301 1258 372 1318 tm.
399 1255 503 1337 μῦθοι
525 1259 579 1319 καὶ
602 1251 774 1336 πλάσματα
791 1254 1140 1332 Wytt.tutian.p.tet.
1185 1253 1406 1317 BoissBasil.

247 1381 274 1439 p.
292 1362 331 1422 64
355 1359 424 1420 Not.
448 1359 520 1420 Mss.
538 1359 577 1420 XI
601 1367 633 1420 et
657 1359 784 1420 Zachar.
807 1377 836 1436 p.
850 1358 921 1417 441.
946 1357 1008 1417 lac.
1020 1355 1135 1416 Achill.
1149 1357 1213 1418 lat.
1232 1375 1259 1432 p.
1275 1358 1337 1418 401
1355 1378 1404 1436 sq.

245 1466 282 1525 ct.
307 1461 466 1524 claudian.
490 1460 559 1521 Sec.
584 1459 707 1520 (18111.
733 1460 788 1521 to:
819 1459 906 1520 llaec
928 1459 941 1518 1
947 1459 1068 1521 abula
1090 1465 1177 1520 certe
1200 1460 1320 1521 Cuncta
1344 1463 1404 1524 lo-

245 1572 366 1627 rent.“
401 1564 562 1625 Falluntur
576 1564 674 1641 igitur
691 1569 721 1622 et
737 1563 778 1633 ii,
802 1563 857 1638 qui
876 1577 972 1622 voces
998 1561 1127 1622 exilis
1151 1567 1183 1621 et
1207 1561 1406 1627 Plutonia

245 1667 387 1741 ejusdem
411 1667 532 1726 ordinis
557 1681 629 1725 esse
653 1664 777 1735 dicunt,
807 1663 988 1735 Bentlejus,
1018 1662 1211 1725 Schraderus
1235 1665 1403 1728 Animadv.

245 1771 284 1832 ad
306 1769 384 1830 Mus.
407 1767 463 1827 XII
486 1788 515 1845 p.
529 1769 609 1838 218,
633 1766 836 1828 Weiohertus
859 1768 914 1845 Ep.
940 1767 1013 1827 Crit.
1038 1768 1078 1827 de
1098 1767 1164 1828 Val.
1179 1766 1278 1829 Flaoo.
1304 1787 1333 1846 p.
1351 1772 1401 1841 53,

245 1873 313 1942 alii,
333 1877 364 1931 et
378 1871 584 1942 Burmannus,
610 1870 665 1946 qui
689 1887 783 1946 quum
806 1870 846 1930 de
869 1869 947 1932 exili
969 1870 1153 1931 Plutonis
1176 1869 1288 1931 domo
1312 1879 1401 1933 recte

245 1975 386 2052 explicet
409 1975 441 2036 in
462 1974 585 2035 Petron.
610 1975 647 2035 11
678 1992 705 2050 p.
731 1974 792 2034 460
816 1973 852 2032 ci.
878 1973 910 2033 in
933 1972 1000 2033 Val.
1024 1972 1122 2034 lllaco.
1147 1973 1251 2034 1.·182
1282 1993 1312 2050 p.
1340 1975 1397 2035 134

242 2074 320 2159 (non
352 2077 429 2138 item
461 2079 492 2138 in
523 2077 683 2139 Claudian.
707 2076 740 2135 B.
766 2074 846 2137 Gild.
873 2076 931 2135 153
964 2075 1087 2159 11215)
1116 2076 1236 2136 omissa
1265 2078 1397 2139 Arnobii

241 2180 306 2240 Vll.
323 2181 376 2241 m:
400 2195 505 2254 neque
526 2181 591 2240 ulla
615 2181 672 2240 sub
694 2179 788 2239 terris
811 2195 910 2256 regna
933 2193 1006 2237 esse
1029 2177 1285 2239 domicilium
1307 2180 1397 2240 Plu-

242 2283 394 2352 tonis“,
418 2282 557 2358 priorem
581 2299 708 2342 versum
732 2283 764 2342 in
787 2283 871 2343 hunc
894 2280 1020 2341 modurn
1036 2279 1188 2357 scriptum
1203 2281 1293 2342 alleri
1307 2282 1399 2342 Ovid.

240 2386 296 2464 Ep.
321 2384 356 2445 X.
384 2385 443 2444 113
466 2403 496 2461 p.
523 2385 597 2444 tm:
620 2385 686 2446 Jam
709 2391 742 2445 te
765 2390 935 2461 prement
957 2402 1021 2445 nox
1043 2384 1233 2459 tabulaeque
1256 2383 1402 2446 1111111115.Η

241 2490 323 2562 Quid
343 2489 405 2563 jem
429 2488 563 2549 referam
586 2489 752 2549 Lehrsium
781 2507 810 2564 p.
834 2486 987 2546 llllllVlll
1016 2487 1207 2564 contemptis
1237 2488 1315 2550 artis
1340 2490 1401 2550 cri·
1506 2499 1507 2512 ²

241 2596 325 2656 ticae
349 2590 532 2670 praeceptis
555 2591 616 2651 hoc
639 2606 846 2668 properasse:
876 2591 943 2651 tarn
966 2596 998 2649 te
1021 2594 1153 2650 manet
1175 2586 1291 2650 nox?“
1337 2590 1402 2661 Qui

241 2697 373 2775 egregie
397 2696 474 2757 facit
496 2694 661 2755 Horatium
689 2695 783 2755 beato
808 2693 919 2756 Sextio
948 2694 1031 2754 bene
1062 2691 1313 2769 praecipientem
1334 2693 1401 2766 jam

241 2799 437 2868 moribundo,
461 2815 523 2857 non
547 2796 718 2872 aliquando
742 2797 904 2858 morituro.
934 2795 974 2855 Ut
997 2796 1098 2856 satius
1121 2793 1217 2855 tuerit
1241 2795 1328 2854 illam
1347 2797 1400 2857 Ti-

238 2900 318 2961 bulli
347 2899 553 2960 sententiam:
591 2900 675 2959 Mors
704 2897 802 2959 tacito
834 2900 932 2959 olam
961 2897 1050 2959 venit
1084 2902 1152 2958 atra
1184 2898 1297 2984 pede“
1334 2899 1400 2959 huc

240 3002 425 3063 transferre:
450 3000 555 3061 Clam
578 3006 610 3060 te
634 3005 756 3077 premet
780 3008 876 3060 nox.“

323 3121 469 3181 Breviter
503 3120 715 3197 perstringam
754 3117 875 3180 Bodaei
912 3120 1069 3196 Theophr.
1106 3117 1185 3181 Hist.
1222 3118 1319 3180 Plant.
1344 3120 1396 3180 VI.

240 3243 268 3301 p.
293 3224 353 3286 696
379 3222 542 3298 5111652
566 3228 598 3282 et
620 3222 779 3284 Paschalii
804 3222 916 3283 Coron.
933 3221 981 3281 lll.
1001 3224 1017 3282 3
1043 3240 1070 3297 p.
1092 3223 1149 3284 1311
1173 3221 1396 3292 subtilitatem,

238 3327 293 3403 qui
316 3346 344 3386 v.
360 3327 398 3386 10
422 3325 540 3386 violam
563 3325 702 3404 intelligi
725 3331 786 3386 tam
811 3341 963 3402 perverse
986 3331 1179 3394 statuerunt,
1203 3341 1296 3401 quarn
1320 3341 1393 3386 oon·
1508 3315 1509 3340 ³

238 3431 320 3490 sulto
345 3429 385 3489 de
408 3427 501 3506 myrti
524 3430 769 3490 mortimenti
793 3429 876 3489 lacta
892 3427 1015 3506 putavit
1032 3426 1252 3502 explicandum
1264 3428 1392 3490 Werns-
1508 3429 1509 3442 ¹

237 3533 355 3593 dorfius
384 3530 526 3591 Prooern.
550 3531 590 3592 de
613 3532 736 3610 Pervig.
760 3532 836 3591 Ven.
870 3549 899 3606 p.
925 3529 994 3589 433.
1039 3529 1155 3589 Omitto
1178 3535 1284 3591 autem
1305 3530 1391 3593 miri·

235 3636 329 3696 ficum
352 3634 446 3694 istum
469 3633 662 3695 Wakefieldi
685 3635 724 3695 de
755 3654 782 3694 v.
810 3634 847 3693 14
872 3648 1024 3694 errorem:
1056 3632 1171 3692 obea
1192 3637 1250 3703 te,
1273 3631 1391 3695 Sexti“

235 3735 311 3797 Silv.
336 3735 410 3796 crit.
435 3735 626 3811 tv.p.1ts.

749 3920 884 4018 XXVI.

319 4097 404 4157 ldem
429 4095 502 4156 vitii
524 4110 626 4172 genus
649 4095 757 4157 dubito
782 4112 819 4156 an
843 4096 882 4157 ad
906 4112 1030 4158 carmen
1054 4095 1074 4154 l.
1103 4097 1150 4165 15,
1177 4097 1232 4157 36;

444 4216 536 4276 Post
560 4222 695 4276 certas
718 4215 874 4275 hiemes
903 4221 991 4275 uret
1013 4215 1217 4275 Achaicus

507 4316 618 4392 lgnis
644 4316 746 4405 lllsem
778 4317 917 4377 domos
