3026 4988
205 503 286 564 haec
309 504 417 579 posuit
439 503 623 564 Sarbievius
637 501 690 560 1.1
715 502 796 576 p.2:
828 503 1048 578 superfuso
1079 507 1262 561 tumuere
1292 502 1364 577 ple-

206 619 266 664 nae
288 605 422 666 Nectare
452 603 582 686 ripae“)
614 605 651 665 ci.
676 602 751 663 Sall.
774 603 907 664 nisan.
938 621 969 680 p.
989 605 1066 665 957:
1101 602 1365 678 superjectis

204 705 220 763 i
225 706 407 768 luctibus
431 708 657 768 circumlevii.“
699 707 817 766 Verum
840 706 911 782 ipsa
932 707 1014 766 baec
1036 707 1186 782 aequoris
1217 722 1363 781 super-

204 805 308 877 jecti
338 809 409 869 sivo
438 809 653 886 superfusi
686 805 943 868 commemoratio
973 805 1148 890 (iacendum
1178 814 1228 867 est
1260 806 1364 891 enim)

207 915 239 969 ei
261 916 469 986 praepostera
491 917 540 970 esc
564 916 659 983 atque
681 909 762 969 adeo
786 923 1024 982 supervacanea
1052 926 1112 970 nec
1136 906 1199 970 vim
1222 925 1301 983 prae
1324 927 1363 970 se

205 1011 266 1069 ieri
287 1011 435 1088 dignitati
458 1011 528 1082 ejus
551 1010 632 1080 loci,
656 1028 718 1086 quo
743 1011 961 1086 exemplorum
983 1027 1096 1088 agmen
1121 1013 1264 1089 cogitur,
1288 1030 1363 1072 con-

206 1119 386 1189 mentem,
416 1113 480 1172 nisi
509 1114 591 1174 forie
621 1114 692 1188 quis
716 1119 807 1186 putet
829 1130 891 1172 non
921 1114 1090 1188 superfuso
1114 1130 1256 1189 aequore
1280 1115 1363 1175 acci-

207 1212 313 1283 disse,
342 1221 376 1274 ut
399 1221 431 1274 et
455 1217 577 1291 phocae
605 1221 731 1275 montes
756 1215 900 1274 viserent
923 1221 956 1273 et
979 1216 1087 1290 pisces
1118 1218 1175 1276 sub
1199 1215 1294 1276 ulmis
1318 1218 1361 1276 la·

206 1319 321 1375 terent.
366 1318 475 1392 itaque
498 1331 537 1376 ne
560 1316 709 1376 Horatius
732 1317 884 1376 materiae
915 1316 1069 1392 impetum
1092 1316 1241 1377 similiter
1264 1324 1364 1392 arque

209 1416 357 1488 Ovidius,
386 1433 480 1493 quem
510 1417 717 1493 reprehendit
745 1417 884 1489 Seneca,
913 1417 1084 1478 minutiore
1112 1418 1239 1496 singula
1262 1421 1364 1480 nomi-

207 1518 303 1579 nandi
325 1537 399 1580 cura
420 1521 558 1597 fregisse
586 1519 749 1588 videatur,
779 1520 884 1580 acrius
913 1521 1140 1596 explorandum
1170 1529 1237 1591 esi,
1269 1540 1364 1597 quum

208 1620 332 1682 tandem
366 1629 574 1682 monstrorum
611 1621 783 1681 novitatem
819 1623 937 1697 Pyrrha
973 1629 1088 1698 questa
1123 1640 1197 1683 esse
1228 1624 1363 1686 dicatur.

208 1722 305 1793 Quam
328 1725 502 1784 novitatem
525 1730 771 1784 consentaneum
792 1724 852 1784 fuit
875 1742 938 1785 non
961 1725 1089 1784 definiri
1110 1741 1174 1785 uno
1189 1728 1364 1802 phocarum

210 1827 372 1901 exemplo,
402 1843 464 1901 quo
487 1827 715 1900 acquieverunt
738 1825 871 1885 Guictus
903 1834 934 1886 et
956 1826 1195 1904 Peerlkampius
1226 1835 1257 1889 et
1282 1848 1364 1905 quos

210 1943 304 2001 supra
327 1928 504 1998 nominavi,
534 1927 592 1988 sed
614 1927 661 1986 sic
684 1929 939 1998 commonstrari,
962 1935 997 1988 ui
1020 1936 1176 1990 montes
1200 1947 1363 1993 narraren-

209 2035 259 2089 tur
281 2047 338 2105 pro
362 2036 515 2090 consueto
539 2031 633 2090 litore
654 2029 730 2090 iacti
755 2031 856 2090 fuisse
880 2032 1052 2104 phocarum
1076 2039 1107 2091 et
1122 2033 1229 2092 Protei
1253 2032 1364 2105 statio,

210 2148 315 2192 mare
337 2132 418 2192 adeo
441 2139 581 2201 auctum,
610 2139 644 2191 ut
674 2139 705 2190 et
734 2132 872 2208 pisces
903 2133 934 2192 in
958 2136 1119 2204 arborum,
1150 2149 1232 2211 quae
1256 2137 1365 2196 avium

210 2233 306 2293 sedes
328 2233 468 2303 fuerant,
491 2233 654 2294 frondibus
677 2234 730 2292 vcl
751 2250 876 2294 cursum
889 2233 952 2305 jam
967 2236 1198 2297 remorantibus
1215 2239 1267 2297 vel
1285 2238 1362 2300 late-

210 2335 282 2395 bras
299 2337 523 2411 praebentibus
545 2336 741 2396 haesitarem
765 2342 796 2394 et
819 2335 1043 2396 silvestres
1066 2338 1079 2396 1
1086 2353 1179 2398 erac
1202 2347 1363 2402 natarent:

211 2447 474 2510 consentaneum,
497 2439 640 2515 inquam,
663 2439 723 2499 fuit
745 2445 798 2498 aui
821 2455 875 2509 ea,
899 2456 979 2516 quae
1000 2441 1199 2512 diceremur,
1222 2461 1282 2519 per
1297 2461 1363 2505 cer-

210 2549 260 2601 tos
290 2542 441 2619 quosdam
470 2543 585 2620 gradus
619 2541 686 2599 iere
716 2541 777 2600 hoc
804 2540 915 2600 modo:
953 2542 991 2601 Er
1020 2543 1199 2618 superjecto
1232 2547 1364 2607 timidae

211 2651 355 2705 natarunt
378 2645 550 2705 Pectore
578 2643 718 2702 damae“
749 2639 801 2724 (m
825 2659 945 2719 super
970 2645 1055 2720 picto
1085 2647 1216 2706 timidae
1251 2656 1363 2709 naia-

211 2753 301 2806 runt
324 2748 502 2823 Tergorc
524 2743 678 2828 damae“)
701 2743 816 2804 deduci
837 2746 876 2806 ad
898 2762 964 2805 rem
986 2749 1125 2808 omnium
1147 2751 1285 2811 maxime
1308 2753 1362 2812 rni-

211 2849 363 2917 rabiiem,
385 2864 477 2923 quarn
499 2865 518 2908 a
540 2847 651 2907 Nonno
673 2846 725 2906 bis
748 2845 905 2919 proditam
929 2849 1108 2909 invenimus
1130 2851 1179 2910 VI.
1200 2853 1271 2913 266.
1287 2855 1362 2914 268:

210 2950 397 3035 χαραδραίῳ
429 2941 461 3013 δ’
484 2947 530 3012 iri
552 2945 661 3033 κόλπῳ
690 2946 832 3034 Εἷναλίῳ
859 2949 1020 3031 δελφῖνι
1048 2949 1264 3028 συνήντετο
1295 2951 1365 3018 κά-

211 3074 309 3136 προς
350 3046 699 3129 ἀλῆτης-εἱλικόεις
741 3052 776 3112 δὲ
811 3047 1028 3125 Πουλῦπος
1069 3049 1366 3138 οὕρεσίφοιτος

211 3153 478 3238 ἐπεσκίρτησι
509 3157 639 3238 iuraui,
674 3162 727 3215 aui
763 3162 943 3231 contempta
978 3157 1034 3217 iila
1063 3174 1129 3218 rem
1158 3161 1241 3220 nitra
1269 3162 1363 3222 fidem

211 3256 348 3334 augendi
371 3256 537 3325 molestia,
561 3273 580 3316 a
601 3271 662 3330 qua
684 3273 746 3315 non
769 3257 999 3318 abhorruerunt
1021 3259 1149 3320 Nonnus
1172 3267 1268 3336 atque
1292 3265 1360 3323 Ovi-

211 3357 505 3428 aruspicinam,
535 3367 640 3420 notam
670 3360 756 3420 illem
786 3360 1052 3435 comparationem
1083 3364 1219 3440 piscium
1243 3373 1275 3424 et
1298 3382 1362 3426 cer·

213 3479 320 3522 vorum
351 3462 449 3540 (Virg.
478 3463 542 3523 Ecl.
568 3462 588 3521 1.
613 3465 662 3523 66.
699 3462 800 3521 Rufin.
830 3463 850 3520 1.
873 3462 902 3521 6.
932 3464 1018 3523 Triil.
1043 3465 1131 3524 Obss.
1156 3466 1228 3525 Crii.
1254 3467 1361 3527 11121

212 3586 241 3642 p.
259 3567 319 3627 216
335 3583 397 3641 sq.;
423 3565 602 3641 imperitius
626 3565 709 3624 enim
734 3565 860 3640 quidam
884 3568 945 3625 huc
968 3575 1116 3644 repetunt
1137 3569 1291 3646 Libycum
1311 3588 1362 3648 ge-

211 3685 286 3737 nus,
319 3668 402 3742 quod
433 3683 547 3745 oryges
578 3671 690 3727 vocant
713 3666 857 3726 Bocbari.
877 3666 897 3723 1.
931 3667 1129 3748 Hieronili.
1154 3673 1193 3731 26
1233 3688 1262 3746 p.
1287 3674 1362 3751 946)

210 3768 261 3829 bis
285 3768 391 3828 reddi:

459 3871 504 3931 111
528 3868 734 3950 superpicta
758 3871 934 3944 pavidae
956 3878 1142 3933 natarunt

569 3973 691 4053 'icrgore
714 3973 859 4034 damae.

209 4077 249 4135 Ut
279 4076 476 4154 intelligatur
507 4074 537 4134 id
568 4090 686 4152 genus,
718 4077 802 4152 quod
831 4093 931 4153 nuper
965 4077 1084 4139 nobilis
1120 4079 1168 4139 rei
1198 4079 1364 4139 venaticae

212 4183 321 4237 auctor
343 4196 361 4238 a
383 4179 499 4248 Dauis,
523 4179 549 4238 si
576 4178 697 4253 placet,
721 4181 877 4254 appellari
901 4181 1020 4250 voluit,
1045 4180 1129 4256 quod
1152 4196 1253 4258 genus
1268 4179 1363 4240 Gess-

212 4293 306 4342 uerus
329 4295 358 4352 p.
376 4283 435 4340 308
459 4277 521 4361 (ap.
539 4281 682 4341 bochart.
707 4283 725 4340 1.
742 4282 771 4340 d.
795 4300 824 4357 p.
841 4284 912 4352 663,
928 4283 968 4341 26
992 4284 1028 4342 cf.
1048 4284 1100 4344 19
1124 4299 1153 4356 p.
1171 4279 1270 4363 d3,1)
1297 4283 1364 4343 his:
