3030 4984
717 343 779 415 177

1 595 2 602 ἵ
51 544 53 548 ·
168 520 247 579 Vll]
255 519 281 585 i
312 519 505 594 5325155
537 509 698 598 μόνονδ
728 511 809 591 ἐξτ
791 513 938 580 auduram
967 520 1005 582 σε’
1026 523 1194 599 κρατίστην
1216 516 1341 596 eladae,

170 616 293 703 φύσεως
321 617 496 702 &damippus
525 617 677 704 κράτιστα
699 615 917 704 ἡρμοσμένην,
949 611 1002 682 οἷα
1025 619 1061 698 δὴ
1085 625 1138 684 καὶ
1161 615 1326 698 σελήνην
1374 693 1377 698 ⁴

62 746 70 762 ·
170 721 210 784 ἐν
233 719 403 806 αστράσι
428 726 482 786 καὶ
506 719 701 804 ζώπυρονὲν
723 724 831 807 κρυμῷ
853 725 907 784 καὶ
929 723 1060 804 χειμῶνι
1092 732 1123 784 55
1111 725 1324 784 tDemetrius

142 831 144 836 ’
169 830 242 910 περὶ
266 822 370 909 ἑρμην.
403 825 518 884 CXLVI
542 845 571 902 p.
588 827 637 896 68,
655 828 688 884 3:
721 817 890 909 Πέρροχος
912 820 1060 906 ὥσπερ
1043 847 1061 910 η
1085 823 1227 902 σελήνη
1251 820 1325 888 τῶν

170 926 299 992 ἄλλων
329 917 489 1012 ’ἄστρων
510 923 531 1011 ἢ
555 921 571 990 ὃ
597 926 684 1004 ἥλιος
713 925 945 1011 λαμπρᾴτερος.
1002 922 1097 999 Quam
1130 945 1192 988 rein
1217 947 1324 1004 parum

170 1032 336 1109 perspexit
359 1032 597 1108 Peerlkampius
621 1033 701 1094 15555
724 1039 977 1110 argumentatus:
1011 1032 1168 1106 quomodo
1191 1033 1252 1092 hoe
1274 1033 1324 1117 lu-

89 1171 93 1183 ·
123 1159 125 1164 ·
151 1135 245 1195 flium
270 1135 357 1194 sidus
380 1133 486 1195 medio
510 1134 562 1193 die
585 1136 705 1206 visum,
740 1136 824 1211 quod
853 1135 985 1194 Romani
1015 1151 1179 1209 numquam
1210 1136 1325 1196 iterum

170 1238 295 1307 videre,
332 1235 449 1296 micare
474 1243 605 1311 ,5555555
644 1237 725 1296 55555
756 1253 866 1296 omnes
896 1231 1022 1305 stellas,
1061 1234 1149 1311 quae'
1171 1243 1264 1296 nocte
1292 1238 1323 1296 in

170 1341 260 1399 coelo
285 1334 459 1416 lulgent‘l“
494 1338 698 1413 Eandemque
721 1339 817 1415 fugit,
842 1355 936 1413 quum
960 1339 991 1397 in
1009 1338 1201 1413 perennibus
1220 1341 1323 1398 stellis

170 1448 308 1502 cometas
339 1439 496 1502 numerari
525 1446 621 1516 neget
648 1441 786 1509 Plinius,
823 1433 927 1500 tamen
957 1458 1019 1500 non
1049 1440 1193 1500 Ovidium
1223 1420 1335 1501 solum¹

171 1541 203 1625 (l.
219 1544 263 1602 dt:
286 1543 347 1603 Fac
367 1541 474 1614 jubar,
488 1548 531 1600 ‘ut
555 1559 663 1617 semp
676 1558 715 1600 er
739 1541 899 1618 Capitolia
921 1547 1029 1601 nostra
1046 1542 1211 1616 lorumque
1223 1544 1324 1604 Divus

170 1649 209 1706 ab
246 1647 373 1707 excelsa
402 1650 586 1730 prospectet
615 1643 716 1704 Julius
747 1645 856 1704 5555555
893 1645 929 1703 55.
954 1643 1230 1726 Pacullam),
1267 1647 1325 1706 sed

171 1749 264 1808 etiam
287 1748 482 1823 Propertium
509 1753 539 1805 et
561 1747 737 1806 Ausonium
761 1748 793 1805 ll.
811 1747 861 1806 dd.
884 1747 1016 1816 lulium,
1037 1747 1090 1821 qui
1114 1748 1191 1806 deus
1213 1749 1331 1828 haberi¹

172 1856 304 1926 coeptus
322 1856 426 1919 esset,
451 1850 570 1908 referre
593 1855 782 1918 „aeternum
800 1849 897 1908 decus
912 1849 1016 1908 stellis
1033 1850 1182 1909 insertum
1194 1860 1213 1884 55
1237 1850 1324 1929 (Hor.

169 1952 218 2012 ΙΙΙ.
243 1953 294 2021 25,
321 1950 351 2033 5)
390 1952 427 2010 ci.
452 1953 563 2028 Beger.
591 1951 684 2010 Tlres.
708 1951 819 2011 Brand.
838 1952 859 2009 l.
884 1952 1000 2026 5118.
1049 1953 1195 2026 Denique
1218 1951 1324 2013 mirari

170 2055 268 2114 subiit
293 2053 369 2114 ista:
393 2055 501 2114 inter
530 2063 693 2113 omnes“
719 2053 851 2114 eundem
878 2072 939 2112 non
963 2053 1082 2112 fecisse
1106 2054 1241 2114 meliora
1265 2057 1323 2115 bac

84 2222 88 2226 ,
171 2155 365 2228 conjectura
398 2157 491 2216 micat
515 2158 554 2216 in
578 2157 768 2216 5555555“
793 2153 840 2237 (ut
865 2157 975 2216 Avien.
1002 2159 1085 2217 Α555.
1065 2156 1222 2216 t.Phaen
1248 2159 1324 2218 384:

53 2303 55 2306 -
170 2274 312 2335 gemmas
336 2265 454 2318 55555
442 2259 600 2320 ardor
593 2277 629 2318 in
654 2267 802 2318 auras
827 2258 994 2318 cillllanil.
1012 2256 1032 2316 Ι.
1053 2259 1128 2317 351:
1160 2275 1324 2333 equus—

114 2431 115 2434 *
169 2362 276 2420 finitur
306 2361 336 2420 in
367 2357 656 2440 Andromedam“);
686 2377 757 2419 nam
790 2360 907 2428 „sidus
940 2347 1084 2418 crinitum
1116 2376 1172 2435 per
1201 2369 1324 2438 septem

154 2463 239 2522 'dies
277 2463 307 2522 in
344 2461 477 2538 regione
516 2461 617 2530 coeli,
656 2477 737 2534 quae
771 2462 843 2520 sub
875 2462 1234 2536 septentrionibus
1265 2472 1325 2536 est,

170 2572 400 2641 conspectum“
425 2563 566 2640 prodidit
590 2563 661 2638 ipse
684 2565 845 2639 Augustus
869 2581 919 2638 55.
942 2563 1019 2624 Plin.
1045 2564 1063 2621 l.
1082 2564 1110 2622 d.

636 2799 854 2894 txltltllt

253 2978 320 3037 Non
343 2975 498 3036 minorem
519 2990 630 3033 versus
654 2975 711 3032 ld:

424 3077 584 3138 Crescit
607 3076 720 3138 occulto
744 3076 856 3134 velut
879 3075 999 3134 arbor
1021 3091 1091 3136 aero

424 3183 508 3244 lama
529 3179 655 3243 Marcelli

168 3284 300 3357 praebet
329 3283 530 3359 disceptandi
559 3283 732 3343 materiam.
785 3281 883 3351 Quem
907 3294 1032 3338 versum
1063 3279 1324 3354 „expeditiorem

168 3384 349 3443 reddidisse
372 3403 429 3459 pro
453 3383 621 3444 Marcelli
655 3383 818 3456 corrigens
842 3381 1036 3440 Marcellis
1058 3381 1324 3458 Peerlkampius“

169 3484 295 3544 videtur
311 3484 535 3560 Heynemanno
560 3484 707 3544 nimirum
720 3482 913 3542 lllleinekium
930 3481 1164 3556 Hauptiumque
1184 3489 1213 3540 et
1230 3485 1325 3542 tebr-

169 3587 250 3647 sium
282 3606 311 3663 p.
335 3587 442 3656 XLIX,
473 3604 561 3661 quosv
584 3603 645 3645 non
676 3584 870 3654 nominarit,
906 3590 1041 3658 sequuta
1073 3589 1168 3658 atque
1191 3585 1251 3644 hac
1274 3585 1325 3648 de.-

156 3689 273 3751 'lunclo
294 3690 515 3770 explicatione
539 3708 568 3765 5.
584 3689 639 3749 23:
664 3687 765 3763 „ipse
787 3687 1028 3761 Peerlkampius
1053 3685 1325 3761 interpolatricem

168 3809 292 3852 manum
316 3799 334 3852 a
357 3807 392 3852 se
417 3792 602 3868 castigatam
633 3805 705 3850 esse
737 3791 855 3860 voluit,
887 3808 943 3850 nos
976 3794 1007 3848 et
1037 3789 1117 3848 banc
1140 3789 1326 3863 scripturam

170 3901 323 3955 ettotam
347 3894 506 3969 stropham
530 3893 660 3953 Horatio
686 3893 890 3953 vindicamus,
944 3890 1136 3982 Quemquam
1160 3907 1221 3949 non
1246 3889 1326 3949 diffi-

169 4003 271 4055 temur
285 3996 455 4074 imaginem
478 3996 639 4058 arboris
664 3996 824 4054 occulto
842 4008 943 4053 aevo
967 3978 1201 4050 crescentis
1218 3991 1325 4066 paullo

171 4115 243 4159 esse
267 4101 483 4159 obscuriorem
506 4099 639 4159 necdum
662 4115 681 4158 a
704 4113 861 4171 quoquam
886 4095 965 4154 satis
990 4092 1188 4168 explicatam.
1234 4093 1326 4152 Uni-

170 4215 290 4260 verse
325 4208 430 4261 tamen
466 4201 497 4260 id
532 4200 710 4274 exprimere
745 4204 842 4273 poeta
810 4197 1018 4256 lavoluit
1006 4203 1201 4254 tcrescere
1231 4201 1326 4268 atque

171 4301 282 4378 augeri
313 4303 506 4375 quotidie
536 4302 662 4378 magis
693 4305 835 4358 veterem
860 4299 971 4359 lamam
993 4296 1222 4357 Marcellorum.
1268 4296 1326 4356 Re·

1124 4400 1161 4462 12
